% Encoding: windows-1252

@InProceedings{adams2011survey,
  author    = {Adams, Stuart M and Friedland, Carol J},
  title     = {A Survey of Unmanned Aerial Vehicle ({UAV}) Usage for Imagery Collection in Disaster Research and Management},
  booktitle = {9th International Workshop on Remote Sensing for Disaster Response},
  year      = {2011},
  owner     = {marco},
  timestamp = {2014.12.04},
}

@Conference{Adya2004,
  author    = {A. Adya and P. Bahl and J. Padhye and A. Wolman and L. Zhou},
  title     = {A Multi-radio Unification Protocol for {IEEE} 802.11 Wireless Networks},
  booktitle = {{BroadNets}},
  year      = {2004},
  owner     = {marco},
  timestamp = {2013.04.25},
}

@Article{ahmed2007new,
  author    = {Ahmed, Ahmed Awad E and Traore, Issa},
  title     = {A New Biometric Technology Based on Mouse Dynamics},
  journal   = {Dependable and Secure Computing, IEEE Transactions on},
  year      = {2007},
  volume    = {4},
  number    = {3},
  pages     = {165--179},
  owner     = {marco},
  publisher = {IEEE},
  timestamp = {2014.03.26},
}

@InProceedings{ahmed2005anomaly,
  author       = {Ahmed, Ahmed Awad E and Traore, Issa},
  title        = {Anomaly Intrusion Detection Based on Biometrics},
  booktitle    = {Information Assurance Workshop, 2005. IAW'05. Proceedings from the Sixth Annual IEEE SMC},
  year         = {2005},
  pages        = {452--453},
  organization = {IEEE},
  owner        = {marco},
  timestamp    = {2014.03.26},
}

@InProceedings{akhtar2011robustness,
  author       = {Akhtar, Zahid and Biggio, Battista and Fumera, Giorgio and Marcialis, Gian Luca},
  title        = {Robustness of Multi-modal Biometric Systems under Realistic Spoof Attacks against All Traits},
  booktitle    = {Biometric Measurements and Systems for Security and Medical Applications (BIOMS), 2011 IEEE Workshop on},
  year         = {2011},
  pages        = {1--6},
  organization = {IEEE},
  owner        = {marco},
  timestamp    = {2014.03.25},
}

@Article{Akyildiz2002,
  author    = {I. F. Akyildiz and W. Su and Y. Sankarasubramaniam and E. Cayirci},
  title     = {Wireless Sensor Networks: A Survey},
  journal   = {Computer Networks},
  year      = {2002},
  volume    = {38},
  pages     = {393--422},
  owner     = {Marcoo},
  timestamp = {2012.12.04},
}

@Article{Alamouti1998,
  author    = {Siavash M. Alamouti},
  title     = {A Simple Transmit Diversity Technique for Wireless Communications},
  journal   = {IEEE Journal on Selected Areas in Communications},
  year      = {1998},
  volume    = {16},
  owner     = {Marco},
  timestamp = {2013.01.20},
}

@InProceedings{alford2012genetic,
  author       = {Alford, Aniesha and Steed, C and Jeffrey, M and Sweet, D and Shelton, J and Small, L and Leflore, D and Dozier, G and Bryant, K and Abegaz, T and others},
  title        = {Genetic \& Evolutionary Biometrics: Hybrid Feature Selection and Weighting for a Multi-modal Biometric System},
  booktitle    = {Southeastcon, 2012 Proceedings of IEEE},
  year         = {2012},
  pages        = {1--8},
  organization = {IEEE},
  owner        = {marco},
  timestamp    = {2014.03.25},
}

@Article{Amin2004,
  author        = {M. G. Amin and L. Zhao and A. R. Lindsey},
  title         = {Subspace Array Processing for the Suppression of {FM} Jamming in {GPS} Receivers},
  journal       = {IEEE Transactions on Aerospace and Electronic Systems},
  year          = {2004},
  volume        = {40},
  number        = {1},
  month         = jan,
  __markedentry = {[Marcoo:6]},
  owner         = {Marcoo},
  timestamp     = {2012.12.12},
}

@Article{Amoroso1980,
  author        = {F. Amoroso},
  title         = {The Bandwidth of Digital Data Signals},
  journal       = {IEEE Communications Magazine},
  year          = {1980},
  month         = nov,
  __markedentry = {[Marcoo:6]},
  owner         = {Marcoo},
  timestamp     = {2012.12.12},
}

@Book{Anderson2003,
  title         = {An Introduction to Multivariate Statistical Analysis},
  publisher     = {Wiley-Interscience, Hoboken, New Jersey},
  year          = {2003},
  author        = {T. W. Anderson},
  __markedentry = {[Marcoo:6]},
  owner         = {Marcoo},
  timestamp     = {2012.12.12},
}

@InProceedings{Andraka1998,
  author        = {R. Andraka},
  title         = {A Survey of {CORDIC} Algorithms for Fpgas},
  booktitle     = {Proceedings of the 1998 ACM/SIGDA sixth international symposium on Field programmable gate arrays},
  year          = {1998},
  address       = {Monterey, CA, USA},
  month         = feb,
  __markedentry = {[Marcoo:6]},
  owner         = {Marcoo},
  timestamp     = {2012.12.12},
}

@Book{ang2013wireless,
  title     = {Wireless Multimedia Sensor Networks on Reconfigurable Hardware: Information Reduction Techniques},
  publisher = {Springer Science \& Business Media},
  year      = {2013},
  author    = {Ang, L.and Seng, K. P. and Chew, L. W. and Yeong, L. S. and Chia, W. C.},
  owner     = {marq_mr},
  timestamp = {2015.04.14},
}

@InProceedings{Antreich2007,
  author        = {F. Antreich and H. Cao and J. A. Nossek},
  title         = {Tst-music for Delay Estimation in a {GNSS} Receiver},
  booktitle     = {Proceedings of the 2nd Workshop on GNSS Signals \& Signal Processing, GNSS Signals 2007},
  year          = {2007},
  address       = {Noordwijk, The Netherlands},
  month         = apr,
  __markedentry = {[Marcoo:6]},
  owner         = {Marcoo},
  timestamp     = {2012.12.12},
}

@InProceedings{Antreich2005,
  author        = {F. Antreich and O. Esbri-Rodriguez and J. A. Nossek and W. Utschick},
  title         = {Estimation of Synchronization Parameters Using Sage in a {GNSS} Receiver},
  booktitle     = {Proceedings of the 16th Annual International Technical Meeting of the Satellite Division of the Institute of Navigation (ION) - Global Satellite Navigation System (GNSS)},
  year          = {2005},
  address       = {Long Beach, CA, U.S.A.},
  month         = sep,
  __markedentry = {[Marcoo:6]},
  owner         = {Marcoo},
  timestamp     = {2012.12.12},
}

@InProceedings{Antreich2007a,
  author        = {F. Antreich and J. A. Nossek},
  title         = {On Chip Pulse Shape Design for Global Navigation Satellite Systems},
  booktitle     = {Proceedings of the 2nd CNES-ESA Workshop on GNSS Signlas and Signal Processing, GNSS SIGNALS},
  year          = {2007},
  address       = {ESA-ESTEC, Noordwijk, The Netherlands},
  month         = apr,
  __markedentry = {[Marcoo:6]},
  owner         = {Marcoo},
  timestamp     = {2012.12.12},
}

@InProceedings{Antreich2006,
  author        = {F. Antreich and J. A. Nossek},
  title         = {Multipath Mitigation in a {Galileo} Sol Receiver},
  booktitle     = {3rd ESA Workshop on Satellite Navigation User Equipment Technologies NAVITEC '2006},
  year          = {2006},
  address       = {Noordwijk, The Netherlands},
  month         = dec,
  __markedentry = {[Marcoo:6]},
  owner         = {Marcoo},
  timestamp     = {2012.12.12},
}

@InProceedings{Antreich2009,
  author        = {F. Antreich and J. A. Nossek and G. Seco and A. L. Swindlehurst},
  title         = {Time Delay Estimation Applying the Extended Invariance Principle with a Polynomial Rooting Aprroach},
  booktitle     = {Proceedings of the International ITG Workshop on Smart Antennas WSA},
  year          = {2009},
  address       = {Berlin, Germany},
  month         = feb,
  __markedentry = {[Marcoo:6]},
  owner         = {Marcoo},
  timestamp     = {2012.12.12},
}

@InProceedings{Antreich2008,
  author        = {F. Antreich and J. A. Nossek and G. Seco and A. L. Swindlehurst},
  title         = {The Extended Invariance Principle Applied to Joint Time-delay, Frequency, and {DOA} Estimation},
  booktitle     = {Proceedings of the 33rd IEEE International Conference on Acoustics, Speech and Signal Processing ICASSP},
  year          = {2008},
  address       = {Las Vegas, U.S.A.},
  month         = apr,
  __markedentry = {[Marcoo:6]},
  owner         = {Marcoo},
  timestamp     = {2012.12.12},
}

@InProceedings{Antreich2008b,
  author        = {F. Antreich and J. A. Nossek and G. Seco and A. L. Swindlehurst},
  title         = {Time Delay Estimation in a Spatially Structured Model Using Decoupled Estimators for Temporal and Spatial Parameters},
  booktitle     = {Proceedings of the International ITG Workshop on Smart Antennas WSA},
  year          = {2008},
  address       = {Darmstadt, Germany},
  month         = feb,
  __markedentry = {[Marcoo:6]},
  owner         = {Marcoo},
  timestamp     = {2012.12.12},
}

@Article{Antreich2008a,
  author        = {F. Antreich and J. A. Nossek and W. Utschick},
  title         = {Maximum Likelihood Delay Estimation in a Navigation Receiver for Aeronautical Applications},
  journal       = {Aerospace Science and Technology, doi:10.1016/j.ast.2007.06.005},
  year          = {2008},
  __markedentry = {[Marcoo:6]},
  owner         = {Marcoo},
  timestamp     = {2012.12.12},
}

@Article{Antreich2011,
  author    = {F. Antreich and J.A. Nossek and G. Seco-Granados and A.L. Swindlehurst},
  title     = {The Extended Invariance Principle for Signal Parameter Estimation in an Unknown Spatial Field},
  journal   = {IEEE Transactions on Signal Processing},
  year      = {2011},
  volume    = {59},
  number    = {7},
  pages     = {3213--3225},
  month     = jul,
  owner     = {marco},
  timestamp = {2014.02.02},
}

@Article{armbrust2010view,
  author    = {Armbrust, Michael and Fox, Armando and Griffith, Rean and Joseph, Anthony D and Katz, Randy and Konwinski, Andy and Lee, Gunho and Patterson, David and Rabkin, Ariel and Stoica, Ion and others},
  title     = {A View of Cloud Computing},
  journal   = {Communications of the ACM},
  year      = {2010},
  volume    = {53},
  number    = {4},
  pages     = {50--58},
  owner     = {marco},
  publisher = {ACM},
  timestamp = {2014.06.02},
}

@Article{attia2012mimo,
  author    = {Attia, Ahmed and ElMoslimany, Ahmad A and El-Keyi, Amr and ElBatt, Tamer and Bai, Fan and Saraydar, Cem},
  title     = {{MIMO} Vehicular Networks: Research Challenges and Opportunities},
  journal   = {Journal of communications},
  year      = {2012},
  volume    = {7},
  number    = {06},
  pages     = {500--513},
  owner     = {marco},
  timestamp = {2017.01.14},
}

@InProceedings{Avila-Rodriguez2007,
  author        = {J. A. Avila-Rodriguez and et al.},
  title         = {The Mboc Modulation: The Final Touch to the {Galileo} Frequency and Signal Plan},
  booktitle     = {Proceedings of the 20th Annual International Technical Meeting of the Satellite Division of the Institute of Navigation (ION)- Global Satellite Navigation System (GNSS)},
  year          = {2007},
  address       = {Fort Worth, TX, USA},
  month         = sep,
  __markedentry = {[Marcoo:6]},
  owner         = {Marcoo},
  timestamp     = {2012.12.12},
}

@Conference{Barabell1983,
  author    = {A. J. Barabell},
  title     = {Improving the Resolution Performance of Eigenstructured Based Direction-finding Algorithms},
  booktitle = {Proceedings of ICASSP 83},
  year      = {1983},
  owner     = {marco},
  quality   = {1},
  timestamp = {2013.07.24},
}

@Book{Barcewell1986,
  title         = {The {Fourier} Transform and Its Applications},
  publisher     = {McGraw-Hill Book Company Inc.},
  year          = {1986},
  author        = {R. N. Barcewell},
  __markedentry = {[Marcoo:6]},
  owner         = {Marcoo},
  timestamp     = {2012.12.12},
}

@Article{Bartlett1948,
  author    = {M. S. Bartlett},
  title     = {Smoothing Periodograms from Time Series with Continuous Spectra},
  journal   = {Nature},
  year      = {1948},
  volume    = {161},
  pages     = {686--687},
  owner     = {marco},
  quality   = {1},
  timestamp = {2013.07.24},
}

@InProceedings{Bettstetter2002,
  author       = {Bettstetter, C.},
  title        = {On the Minimum Node Degree and Connectivity of a Wireless Multihop Network},
  booktitle    = {Proceedings of the 3rd ACM international symposium on Mobile ad hoc networking \& computing},
  year         = {2002},
  pages        = {80--91},
  organization = {ACM},
  owner        = {marq_mr},
  timestamp    = {2015.04.14},
}

@Conference{Bhardwaj2001,
  author    = {M. Bhardwaj and A. P. Chandrakasan},
  title     = {Upper Bounds on the Lifetime of Sensor Networks},
  booktitle = {Proceedings of IEEE ICC01},
  year      = {2001},
  owner     = {Marco},
  timestamp = {2012.12.07},
}

@Article{Biguesh2006,
  author    = {M. Biguesh and A. B. Gershman},
  title     = {Training-based {MIMO} Channel Estimation: A Study of Estimator Tradeoffs and Optimal Training Signals},
  journal   = {IEEE Transactions on Signal Processing},
  year      = {2006},
  volume    = {54},
  pages     = {884--893},
  owner     = {Marcoo},
  timestamp = {2012.12.06},
}

@Conference{Biswas2004,
  author    = {Biswas, R. and Thrun, S.},
  title     = {A Passive Approach to Sensor Network Localization},
  booktitle = {Intelligent Robots and Systems, 2004. (IROS 2004). Proceedings. 2004 IEEE/RSJ International Conference on},
  year      = {2004},
  owner     = {marco},
  quality   = {1},
  timestamp = {2013.09.20},
}

@Article{Black1990,
  author    = {H. Black},
  title     = {Early Developments of Transit, the Navy Navigation Satellite System},
  journal   = {Journal of Guidance, Control and Dynamics},
  year      = {1990},
  volume    = {13},
  pages     = {577--585},
  month     = jul,
  owner     = {Marco},
  timestamp = {2012.10.29},
}

@Article{Black1964,
  author    = {H. Black},
  title     = {A Passive System for Determining the Attitude of a Satellite},
  journal   = {AIAA Journal},
  year      = {1964},
  volume    = {2},
  pages     = {1350--1351},
  month     = jul,
  owner     = {Marco},
  timestamp = {2012.10.29},
}

@Article{blangsted2003muscle,
  author    = {Blangsted, Anne Katrine and Hansen, Klaus and Jensen, Chris},
  title     = {Muscle Activity during Computer-based Office Work in Relation to Self-reported Job Demands and Gender},
  journal   = {European journal of applied physiology},
  year      = {2003},
  volume    = {89},
  number    = {3-4},
  pages     = {352--358},
  owner     = {marco},
  publisher = {Springer},
  timestamp = {2014.03.31},
}

@Article{bowyer2006survey,
  author    = {Bowyer, Kevin W and Chang, Kyong and Flynn, Patrick},
  title     = {A Survey of Approaches and Challenges in {3D} and Multi-modal {3D}+ {2D} Face Recognition},
  journal   = {Computer vision and image understanding},
  year      = {2006},
  volume    = {101},
  number    = {1},
  pages     = {1--15},
  owner     = {marco},
  publisher = {Elsevier},
  timestamp = {2014.03.25},
}

@InProceedings{bowyer2006multi,
  author    = {Bowyer, Kevin W and Chang, Kyong I and Yan, Ping and Flynn, Patrick J and Hansley, Earnie and Sarkar, Sudeep},
  title     = {Multi-modal Biometrics: An Overview},
  booktitle = {Second Workshop on Multi-Modal User Authentication},
  year      = {2006},
  owner     = {marco},
  timestamp = {2014.04.15},
}

@Article{Braasch1999,
  author        = {M. S. Braasch and A. J. van Dierendonck},
  title         = {Gps Receiver Architecture and Measurements},
  journal       = {Proceedings of the IEEE},
  year          = {1999},
  volume        = {87},
  number        = {1},
  month         = jan,
  __markedentry = {[Marcoo:6]},
  owner         = {Marcoo},
  timestamp     = {2012.12.12},
}

@Conference{Bravos,
  author    = {George N. Bravos and Athanasios G. Kanatas},
  title     = {Combining {MIMO} and Multihop Based Transmissions on Energy Efficient Sensor Networks},
  booktitle = {{Procedings of the Program for European Wireless}},
  year      = {2007},
  owner     = {F6797075},
  timestamp = {2013.01.16},
}

@Article{Bresler1986,
  author    = {Y. Bresler and A. Macovski},
  title     = {Exact Maximum Likelihood Estimation of Superimposed Exponentials Signals in Noise},
  journal   = {IEEE ASSP Magazine},
  year      = {1986},
  volume    = {34},
  pages     = {1081--189},
  owner     = {marco},
  quality   = {1},
  timestamp = {2013.07.24},
}

@Conference{Bronez1988,
  author    = {Bronez, T. P.},
  title     = {Sector Interpolation of Non-uniform Arrays for Efficient High Resolution Bearing Estimation},
  booktitle = {Acoustics, Speech, and Signal Processing, 1988. ICASSP-88., 1988 International Conference on},
  year      = {1988},
  owner     = {marco},
  quality   = {1},
  timestamp = {2013.08.08},
}

@InProceedings{bronstein2003expression,
  author       = {Bronstein, Alexander M and Bronstein, Michael M and Kimmel, Ron},
  title        = {Expression-invariant {3D} Face Recognition},
  booktitle    = {Audio-and Video-Based Biometric Person Authentication},
  year         = {2003},
  pages        = {62--70},
  organization = {Springer},
  owner        = {marco},
  timestamp    = {2014.04.28},
}

@Conference{Buhren2003,
  author    = {Buhren, M. and Pesavento, M. and Bohme, J. F.},
  title     = {A New Approach to Array Interpolation by Generation of Artificial Shift Invariances: Interpolated {ESPRIT}},
  booktitle = {Acoustics, Speech, and Signal Processing, 2003. Proceedings. (ICASSP '03). 2003 IEEE International Conference on},
  year      = {2003},
  owner     = {marco},
  quality   = {1},
  timestamp = {2013.08.11},
}

@Conference{Buhren2004,
  author    = {Buhren, M. and Pesavento, M. and B{\"{o}}hme, J. F},
  title     = {Virtual Array Design for Array Interpolation Using Differential Geometry},
  booktitle = {Acoustics, Speech, and Signal Processing, 2004. Proceedings. (ICASSP '04). IEEE International Conference on},
  year      = {2004},
  volume    = {2},
  owner     = {marco},
  quality   = {1},
  timestamp = {2013.08.09},
}

@Book{burr2004electronic,
  title     = {Electronic Authentication Guideline},
  publisher = {Citeseer},
  year      = {2004},
  author    = {Burr, William E and Dodson, Donna F and Polk, William T},
  owner     = {marco},
  timestamp = {2014.03.25},
}

@Article{C.Temes1973,
  author        = {G. C.Temes and V. Barcilon and F. C. {Marshall,III}},
  title         = {The Optimizationof Bandlimited Systems},
  journal       = {Proceedings of the IEEE},
  year          = {1973},
  volume        = {61},
  number        = {2},
  __markedentry = {[Marcoo:6]},
  owner         = {Marcoo},
  timestamp     = {2012.12.12},
}

@InProceedings{caizzone2015miniaturized,
  author       = {Caizzone, S. and Dreher, A.},
  title        = {Miniaturized {DRA} Array for {GNSS} Applications},
  booktitle    = {2015 9th European Conference on Antennas and Propagation (EuCAP)},
  year         = {2015},
  pages        = {1--2},
  organization = {IEEE},
  owner        = {marco},
  timestamp    = {2016.09.09},
}

@Article{Capon1969,
  author    = {J. Capon},
  title     = {High-resolution Frequency-wavenumber Spectrum Analysis},
  journal   = {Proceedings IEEE},
  year      = {1969},
  volume    = {57},
  pages     = {1408--1418},
  owner     = {marco},
  quality   = {1},
  timestamp = {2013.07.24},
}

@Article{Carroll1970,
  author    = {J.D. Carroll and J. Chang},
  title     = {Analysis of Individual Differences in Multidimensional Scaling Via an N-way Generalization of "eckart-young" Decomposition},
  journal   = {Psychometrika},
  year      = {1970},
  volume    = {35},
  pages     = {283},
  owner     = {marco},
  quality   = {1},
  timestamp = {2013.07.24},
}

@Conference{Chen2006,
  author    = {Chen, C. and Ma, J. and Yu, K.},
  title     = {Designing Energy-efficient Wireless Sensor Networks with Mobile Sinks},
  booktitle = {Sensys06},
  year      = {2006},
  owner     = {Marco},
  timestamp = {2012.12.07},
}

@InProceedings{chen2009survey,
  author       = {Chen, Hai and Wang, Xin-min and Li, Yan},
  title        = {A Survey of Autonomous Control for {UAV}},
  booktitle    = {Artificial Intelligence and Computational Intelligence, 2009. AICI'09. International Conference on},
  year         = {2009},
  volume       = {2},
  pages        = {267--271},
  organization = {IEEE},
  owner        = {marco},
  timestamp    = {2014.12.04},
}

@InProceedings{chen2006practical,
  author       = {Chen, Mike Y and Sohn, Timothy and Chmelev, Dmitri and Haehnel, Dirk and Hightower, Jeffrey and Hughes, Jeff and LaMarca, Anthony and Potter, Fred and Smith, Ian and Varshavsky, Alex},
  title        = {Practical Metropolitan-scale Positioning for {GSM} Phones},
  booktitle    = {International Conference on Ubiquitous Computing},
  year         = {2006},
  pages        = {225--242},
  organization = {Springer},
  owner        = {marco},
  timestamp    = {2017.01.13},
}

@Conference{Cheung2003,
  author    = {K.W. Cheung and H.C. So and W.K. Ma and Y.T. Chan},
  title     = {Received Signal Strength Based Mobile Positioning Via Constrained Weighted Least Squares},
  booktitle = {Proc. of Int. Conf. on Acoustics, Speech, and Signal Processing (ICASSP 2003)},
  year      = {2003},
  owner     = {marco},
  quality   = {1},
  timestamp = {2013.09.20},
}

@Conference{Cho2000,
  author    = {S. Cho and A. Chandrakasan},
  title     = {Energy-efficient Protocols for Low Duty Cycle Wireless Microsensor},
  booktitle = {Proceedings of the 33rd Annual Hawaii International Conference on System Sciences},
  year      = {2000},
  owner     = {Marcoo},
  timestamp = {2012.12.04},
}

@Book{Christensen2002,
  title         = {Plane Answers to Complex Questions: The Theory of Linear Models},
  publisher     = {Springer-Verlag, Hoboken, New Jersey},
  year          = {2002},
  author        = {R. Christensen},
  __markedentry = {[Marcoo:6]},
  owner         = {Marcoo},
  timestamp     = {2012.12.12},
}

@Article{Chung2001,
  author    = {P. J. Chung and J. F. B{\"{o}}hme},
  title     = {Comparative Convergence Analysis of {EM} and {SAGE} Algorithms in {DOA} Estimation},
  journal   = {IEEE Transactions on Signal Processing},
  year      = {2001},
  volume    = {49},
  pages     = {2940--2949},
  owner     = {marco},
  quality   = {1},
  timestamp = {2013.07.24},
}

@InProceedings{citty2010tapi,
  author       = {Citty, Jonathan and Hutchings, Dugald Ralph},
  title        = {Tapi: Touch-screen Authentication Using Partitioned Images},
  booktitle    = {Elon University},
  year         = {2010},
  organization = {Citeseer},
  owner        = {marco},
  timestamp    = {2014.04.07},
}

@Article{ciuonzo2012channel,
  author    = {Ciuonzo, Domenico and Romano, Gianmarco and Rossi, Pierluigi Salvo},
  title     = {Channel-aware Decision Fusion in Distributed {MIMO} Wireless Sensor Networks: Decode-and-fuse Vs. Decode-then-fuse},
  journal   = {IEEE transactions on wireless communications},
  year      = {2012},
  volume    = {11},
  number    = {8},
  pages     = {2976--2985},
  owner     = {marco},
  publisher = {IEEE},
  timestamp = {2016.10.25},
}

@InProceedings{Closas2008,
  author        = {P. Closas and C. Fernandes-Prades and J. A. Fernandes-Rubio},
  title         = {A Particle Filtering Tracking Algorithm for {GNSS} Synchronization Using {Laplace}{\'{}}s Method},
  booktitle     = {Proceedings of the 33rd IEEE International Conference on Acoustics, Speech and Signal Processing ICASSP},
  year          = {2008},
  address       = {Las Vegas, U.S.A.},
  month         = apr,
  __markedentry = {[Marcoo:6]},
  owner         = {Marcoo},
  timestamp     = {2012.12.12},
}

@PhdThesis{Cohen1992,
  author    = {C. Cohen},
  title     = {Attitude Determination Using {GPS}},
  school    = {Department of Aeronautics \& Astronautics, Stanford University},
  year      = {1992},
  address   = {CA, USA},
  owner     = {Marco},
  timestamp = {2012.10.28},
}

@Article{Costa2007,
  author    = {J. P. C. L. da Costa and Haardt, M. and Romer, F. and Del Galdo, G.},
  title     = {Enhanced Model Order Estimation Using Higher-order Arrays},
  journal   = {Conference Record of The Forty-First Asilomar Conference on Signals, Systems \& Computers},
  year      = {2007},
  pages     = {412--416},
  owner     = {Marcoo},
  timestamp = {2012.12.12},
}

@Conference{Costa2013,
  author    = {J. P. C. L. da Costa and K. Liu and H. C. So and F. Roemer and M. Haardt and S. Schwarz},
  title     = {Generalized Multidimensional Prewhitening for Enhanced Signal Reconstruction and Parameter Estimation},
  booktitle = {Signal Processing, Elsevier publisher},
  year      = {2013},
  owner     = {marco},
  timestamp = {2014.02.04},
}

@Conference{Costa2009a,
  author    = {J. P. C. L. da Costa and F. Roemer and M. Haardt},
  title     = {Deterministic Prewhitening to Improve Subspace Parameter Estimation Techniques in Severely Colored Noise Environments},
  booktitle = {Proc. 54th International Scientific Colloquium (IWK)},
  year      = {2009},
  owner     = {marco},
  timestamp = {2014.02.04},
}

@Article{Costa2011,
  author    = {J. P. C. L. da Costa and F. Roemer and M. Haardt and R. T. de Sousa Jr.},
  title     = {Multi-dimensional Model Order Selection},
  journal   = {EURASIP Journal on Advances in Signal Processing},
  year      = {2011},
  volume    = {26},
  owner     = {marco},
  quality   = {1},
  timestamp = {2013.10.31},
}

@Conference{Costa2011a,
  author    = {J. P. C. L. da Costa and F. Roemer and R. T. de Souza Jr.},
  title     = {Enhanced Model Order Estimation in Colored Noise Scenarios Via Noise Prewhitening},
  booktitle = {XXIX Simp{\'{o}}sio Brasileiro de Telecomunica{\c{c}}{\~{o}}es (SBrT'11)},
  year      = {2011},
  owner     = {marco},
  quality   = {1},
  timestamp = {2013.10.31},
}

@Conference{Costa2010a,
  author    = {J. P. C. L. da Costa and F. Roemer and M. Weis and M. Haard},
  title     = {Robust {R-D} Parameter Estimation Via Closed-form {PARAFAC}},
  booktitle = {Proc. ITG Workshop on Smart Antennas (WSA'10)},
  year      = {2010},
  owner     = {marco},
  quality   = {1},
  timestamp = {2013.10.31},
}

@Conference{Costa2010,
  author    = {J. P. C. L. da Costa and D. Schulz and F. Roemer and M. Haardt and J. A. Apolinario Jr.},
  title     = {Robust {R-D} Parameter Estimation Via Closed-form {PARAFAC} in Kronecker Colored Environments},
  booktitle = {Proc. 7-th International Symposium on Wireless Communications Systems (ISWCS 2010)},
  year      = {2010},
  owner     = {marco},
  quality   = {1},
  timestamp = {2013.10.31},
}

@Conference{Costa2012,
  author    = {J. P. C. L. da Costa and S. Schwarz and L. F. de A. Gad{\^{e}}lha and H. C.de Moura and G. A. Borges and L. A. R. Pinheiromari},
  title     = {Attitude Determination for Unmanned Aerial Vehicles Via an Antenna Array},
  booktitle = {Proc. ITG IEEE Workshop on Smart Antennas (WSA12)},
  year      = {2012},
  address   = {Dresden Germany},
  month     = mar,
  owner     = {Marco},
  timestamp = {2012.10.23},
}

@Conference{Costa2009,
  author    = {J. P. C. L. da Costa and A. Thakre and F. Roemer and M. Haardt},
  title     = {Comparison of Model Order Selection Techniques for High-resolution Parameter Estimation Algorithms},
  booktitle = {Proc. 54th International Scientific Colloquium (IWK)},
  year      = {2009},
  owner     = {marco},
  quality   = {1},
  timestamp = {2013.10.31},
}

@Article{Couto2005,
  author    = {Couto, D. S. J. D. and Aguayo, D. and Bicket, J. and Morris, R.},
  title     = {A High-throughput Path Metric for Multi-hop Wireless Routing},
  journal   = {Wirel. Netw},
  year      = {2005},
  volume    = {11},
  pages     = {419--435},
  owner     = {Marco},
  timestamp = {2012.12.07},
}

@Conference{Couto2013,
  author    = {D. D. Couto and D. Aguayo and J. Bicket and R. Morris},
  title     = {High-throughput Path Metric for Multi-hop Wireless Routing},
  booktitle = {MOBICOM},
  year      = {2013},
  month     = sep,
  owner     = {marco},
  timestamp = {2013.04.25},
}

@Article{Cozzens1994,
  author    = {J. H. Cozzens and M. J. Sousa},
  title     = {Source Enumeration in a Correlated Signal Environment},
  journal   = {IEEE Transactions on Acoustics Speech and Signal Processing},
  year      = {1994},
  volume    = {42},
  pages     = {304--317},
  owner     = {marco},
  quality   = {1},
  timestamp = {2013.12.02},
}

@Book{Crochiere1983,
  title         = {Multirate Digital Signal Processing},
  publisher     = {Prentice-Hall Inc., New Jersey},
  year          = {1983},
  author        = {R. E. Crochiere and L. R. Rabiner},
  __markedentry = {[Marcoo:6]},
  owner         = {Marcoo},
  timestamp     = {2012.12.12},
}

@InProceedings{cui2005energy,
  author       = {Cui, S. and Goldsmith, A. J.},
  title        = {Energy Efficient Routing Based on Cooperative {MIMO} Techniques},
  booktitle    = {Acoustics, Speech, and Signal Processing, 2005. Proceedings.(ICASSP'05). IEEE International Conference on},
  year         = {2005},
  volume       = {5},
  pages        = {v--805},
  organization = {IEEE},
  owner        = {marq_mr},
  timestamp    = {2015.04.14},
}

@Article{Cui2004,
  author    = {S. Cui and A. J. Goldsmith},
  title     = {Energy-efficiency of {MIMO} and Cooperative {MIMO} Techniques in Sensor Networks},
  journal   = {IEEE Journal on Selected Areas in Communications},
  year      = {2004},
  owner     = {F6797075},
  timestamp = {2013.01.16},
}

@Article{cui2004energy,
  author    = {Cui, S. and Goldsmith, A. J. and Bahai, A.},
  title     = {Energy-efficiency of {MIMO} and Cooperative {MIMO} Techniques in Sensor Networks},
  journal   = {Selected Areas in Communications, IEEE Journal on},
  year      = {2004},
  volume    = {22},
  number    = {6},
  pages     = {1089--1098},
  owner     = {marco},
  publisher = {IEEE},
  timestamp = {2014.11.14},
}

@TechReport{CyberSource2012,
  author    = {CyberSource},
  title     = {2012 Online Fraud Report},
  year      = {2012},
  owner     = {marco},
  timestamp = {2014.04.15},
}

@InProceedings{daiya2011experimental,
  author       = {Daiya, V. and Ebenezer, J. and Murty, S. A. V. S. and Raj, B.},
  title        = {Experimental Analysis of {RSSI} for Distance and Position Estimation},
  booktitle    = {Recent Trends in Information Technology (ICRTIT), 2011 International Conference on},
  year         = {2011},
  pages        = {1093--1098},
  organization = {IEEE},
  owner        = {marco},
  timestamp    = {2015.06.19},
}

@Conference{DeLathauwer2000,
  author    = {De Lathauwer, L. and De Moor, B. and Vandewalle, J},
  title     = {A Multilinear Singular Value Decomposition},
  booktitle = {SIAM J. Matrix Anal},
  year      = {2000},
  owner     = {Marcoo},
  timestamp = {2012.12.12},
}

@InProceedings{de2012touch,
  author       = {De Luca, Alexander and Hang, Alina and Brudy, Frederik and Lindner, Christian and Hussmann, Heinrich},
  title        = {Touch Me Once and I Know It's You!: Implicit Authentication Based on Touch Screen Patterns},
  booktitle    = {Proceedings of the 2012 ACM annual conference on Human Factors in Computing Systems},
  year         = {2012},
  pages        = {987--996},
  organization = {ACM},
  owner        = {marco},
  timestamp    = {2014.03.25},
}

@InProceedings{de2008use,
  author       = {De Menezes, LRAX and Thomas, DWP and Christopoulos, C and Ajayi, A and Sewell, P},
  title        = {The Use of Unscented Transforms for Statistical Analysis in {EMC}},
  booktitle    = {Electromagnetic Compatibility-EMC Europe, 2008 International Symposium on},
  year         = {2008},
  pages        = {1--5},
  organization = {IEEE},
  owner        = {marco},
  timestamp    = {2014.07.03},
}

@Article{Dempster1977,
  author        = {A. P. Dempster and N. M. Laird and D. B. Rubin},
  title         = {Maximum Likelihood from Incomplete Data Via the {EM} Algorithm},
  journal       = {J. Royal Statistical Soc. B.},
  year          = {1977},
  volume        = {39},
  number        = {1},
  __markedentry = {[Marcoo:6]},
  owner         = {Marcoo},
  timestamp     = {2012.12.12},
}

@Article{Dierendonck1992,
  author        = {A. J. van Dierendonck and A. J. Fenton},
  title         = {Theory and Performance of Narrow Correlator Spacing in a {GPS} Receiver},
  journal       = {Navigation},
  year          = {1992},
  volume        = {39},
  number        = {3},
  __markedentry = {[Marcoo:6]},
  owner         = {Marcoo},
  timestamp     = {2012.12.12},
}

@Article{Dietrich2006,
  author        = {F. A. Dietrich},
  title         = {A Tutorial on Channel Estimation with {SAGE}},
  journal       = {Technical Report TUM-LNS-TR-06-03},
  year          = {2006},
  __markedentry = {[Marcoo:6]},
  owner         = {Marcoo},
  timestamp     = {2012.12.12},
}

@Article{Doganduzic2001,
  author        = {A. Dogand\u{z}i\'c and A. Nehorai},
  title         = {Cram\'er-{Rao} Bounds for Estimating Range, Velocity, and Direction with an Active Array},
  journal       = {IEEE Transactions on Signal Processing},
  year          = {2001},
  volume        = {49},
  number        = {6},
  month         = jun,
  __markedentry = {[Marcoo:6]},
  owner         = {Marcoo},
  timestamp     = {2012.12.12},
}

@TechReport{Draves2004,
  author    = {Richard Draves and Jitendra Padhye and Brian Zill},
  title     = {Comparison of Routing Metrics for Static Multi-hop Wireless Networks},
  year      = {2004},
  owner     = {marco},
  school    = {Microsoft Research},
  timestamp = {2013.04.25},
}

@Misc{Elo,
  author       = {Mark Elo},
  title        = {{MIMO}: The Future of Wireless: Test Challenges for {WiMAX}, {HSPA}+ and Lte},
  howpublished = {RF Globalnet Newsletter},
  owner        = {Marco},
  timestamp    = {2013.01.14},
}

@Conference{Elson2002,
  author    = {J. Elson and L. Girod and D. Estrin},
  title     = {Fine-grained Network Time Synchronization Using Reference Broadcasts},
  booktitle = {Proceedings of the Fifth Symposium on Operating Systems Design and Implementation},
  year      = {2002},
  owner     = {marco},
  timestamp = {2013.05.07},
}

@TechReport{Evans1982,
  author    = {J. E. Evans and J. R. Johnson and D. F. Sun},
  title     = {Application of Advanced Signal Processing Techniques to Angle of Arrival Estimation in {ATC} Navigation and Surveillance System},
  year      = {1982},
  owner     = {marco},
  quality   = {1},
  school    = {Massachusetts Institute of Technology},
  timestamp = {2013.08.08},
}

@Conference{Fedor2007,
  author    = {Szymon Fedor and Martin Collier},
  title     = {On the Problem of Energy Efficiency of Multi-hop Vs One-hop Routing in Wireless Sensor Networks},
  booktitle = {AINAW 07 Proceedings of the 21st International Conference on Advanced Information Networking and Applications Workshops},
  year      = {2007},
  owner     = {Marco},
  timestamp = {2012.12.07},
}

@PhdThesis{Fernandes-Prades2005,
  author        = {C. Fern\'andes-Prades},
  title         = {Advanced Signal Processing Techniques for Global Navigation Satellite Systems Receivers},
  school        = {Department of Signal Signal Theory and Communications, Universitat Polit\`ecnica de Catalunya, Spain},
  year          = {2005},
  __markedentry = {[Marcoo:6]},
  owner         = {Marcoo},
  timestamp     = {2012.12.12},
}

@InProceedings{Fernandes-Prades2003,
  author        = {C. Fern\'andes-Prades and J. A. Fern\'andez-Rubio and G. Seco-Granados},
  title         = {On the Equivalence of Joint Maximum Likelihood Approach and the Multiple Hybrid Beamforming in {GNSS} Synchronization},
  booktitle     = {Proceedings of Sixth Baiona Workshop on Signal Processing in Communications},
  year          = {2003},
  __markedentry = {[Marcoo:6]},
  owner         = {Marcoo},
  timestamp     = {2012.12.12},
}

@InProceedings{Fernandez2003,
  author        = {C. Fern\'andez and J. A. Fern\'andez Rubio and G. Seco Granados},
  title         = {A Maximum Likelihood Approach to {GNSS} Synchronization Using Antenna Arrays},
  booktitle     = {Proceedings of the 14th Annual International Technical Meeting of the Satellite Division of the Institute of Navigation (ION) - Global Satellite Navigation System (GNSS)},
  year          = {2003},
  address       = {Portland, OR, USA},
  month         = sep,
  __markedentry = {[Marcoo:6]},
  owner         = {Marcoo},
  timestamp     = {2012.12.12},
}

@Article{Fessler1994,
  author        = {J. A. Fessler and A. O. Hero},
  title         = {Space-alternating Generalized Expectation-maximization Algorithm},
  journal       = {IEEE Transactions on Signal Processing},
  year          = {1994},
  volume        = {42},
  number        = {10},
  month         = oct,
  __markedentry = {[Marcoo:6]},
  owner         = {Marcoo},
  timestamp     = {2012.12.12},
}

@Book{Flammer1957,
  title         = {Spheroidal Wave Functions},
  publisher     = {Stanford, CA: Stanford Univ. Press},
  year          = {1957},
  author        = {C. Flammer},
  __markedentry = {[Marcoo:6]},
  owner         = {Marcoo},
  timestamp     = {2012.12.12},
}

@Article{Fleury1999,
  author        = {B. H. Fleury and M. Tschudin and R. Heddergott and D. Dahlhaus and K. I. Pedersen},
  title         = {Channel Parameter Estimation in Mobile Radio Environments Using the Sage Algorithm},
  journal       = {IEEE Journal on Selected Areas in Communications},
  year          = {1999},
  volume        = {17},
  number        = {3},
  month         = mar,
  __markedentry = {[Marcoo:6]},
  owner         = {Marcoo},
  timestamp     = {2012.12.12},
}

@Misc{Fodor,
  author       = {Krist{\'{o}}f Fodor and Attila Vid{\'{a}}cs},
  title        = {Efficient Routing to Mobile Sinks in Wireless Sensor Networks},
  howpublished = {Dept. of Telecommunications and Media Informatics, Budapest University of Technology and Economics},
  owner        = {Marco},
  timestamp    = {2012.12.05},
}

@Book{Forssell1991,
  title         = {Radionavigation Systems},
  publisher     = {Prentice Hall International (UK) Ltd.},
  year          = {1991},
  author        = {B.~Forssell},
  __markedentry = {[Marcoo:6]},
  owner         = {Marcoo},
  timestamp     = {2012.12.12},
}

@Article{frank2013touchalytics,
  author    = {Frank, Mario and Biedert, Ralf and Ma, Eugene and Martinovic, Ivan and Song, Dawn},
  title     = {Touchalytics: On the Applicability of Touchscreen Input As a Behavioral Biometric for Continuous Authentication},
  journal   = {Information Forensics and Security, IEEE Transactions on},
  year      = {2013},
  volume    = {8},
  number    = {1},
  pages     = {136--148},
  owner     = {marco},
  publisher = {IEEE},
  timestamp = {2014.04.07},
}

@Conference{Freitas2012,
  author    = {E. P. Freitas and J. P. C. L. Costa and A. L. F. Almeida and M. A. M. Marinho},
  title     = {Applying {MIMO} Techniques to Minimize Energy Consumption for Long Distances Communications in Wireless Sensor Networks},
  booktitle = {NEW2AN/ruSMART 2012},
  year      = {2012},
  editor    = {Springer-Verlag},
  pages     = {379--390},
  owner     = {Marcoo},
  timestamp = {2012.12.04},
}

@Conference{Freitas2010,
  author    = {E. P. Freitas and T. Heimfarth and I. F. Netto and C. E. Lino and F. R. Wagner, A. M. Ferreira and C. E. Pereira and T. Larsson},
  title     = {{UAV} Relay Network to Support {WSN} Connectivity},
  booktitle = {Proceedings of {IEEE} International Congress on Ultramodern Telecommunications and Control Systems (ICUMT10)},
  year      = {2010},
  owner     = {F6797075},
  timestamp = {2012.12.10},
}

@Article{Friedlander1993,
  author    = {B. Friedlander},
  title     = {The Root-{MUSIC} Algorithm for Direction Finding with Interpolated Arrays},
  journal   = {Signal Processing},
  year      = {1993},
  volume    = {30},
  pages     = {15--29},
  owner     = {marco},
  quality   = {1},
  timestamp = {2013.08.08},
}

@Article{Friedlander1992,
  author    = {Friedlander, B. and Weiss, A. J.},
  title     = {Direction Finding Using Spatial Smoothing with Interpolated Arrays},
  journal   = {Aerospace and Electronic Systems, IEEE Transactions on},
  year      = {1992},
  volume    = {28},
  pages     = {574--587},
  owner     = {marco},
  quality   = {1},
  timestamp = {2013.08.11},
}

@Article{friedman1991multivariate,
  author    = {Friedman, J. H.},
  title     = {Multivariate Adaptive Regression Splines},
  journal   = {The annals of statistics},
  year      = {1991},
  pages     = {1--67},
  owner     = {marco},
  publisher = {JSTOR},
  timestamp = {2015.11.05},
}

@InProceedings{gokberk2005rank,
  author       = {G{\"o}kberk, Berk and Salah, Albert Ali and Akarun, Lale},
  title        = {Rank-based Decision Fusion for {3D} Shape-based Face Recognition},
  booktitle    = {Audio-and Video-Based Biometric Person Authentication},
  year         = {2005},
  pages        = {1019--1028},
  organization = {Springer},
  owner        = {marco},
  timestamp    = {2014.04.14},
}

@InProceedings{Gaikwad2013,
  author    = {Gaikwad, D.P. and Narote, S.P.},
  title     = {Multi-modal Biometric System Using Palm Print and Palm Vein Features},
  booktitle = {India Conference (INDICON), 2013 Annual IEEE},
  year      = {2013},
  pages     = {1--5},
  month     = dec,
  doi       = {10.1109/INDCON.2013.6726010},
  keywords  = {authorisation;channel bank filters;computer crime;discrete transforms;feature extraction;image matching;image texture;palmprint recognition;vein recognition;visual databases;2-D image spectrum subcomponents;CASIA palm print database V1.0;Euclidean distance algorithm;ROI extraction;antispoofing abilities;blood vessel patterns;contourlet transform;feature matching technique;global feature;iterated directional filter bank structure;line features;local minutae;multimodal biometric recognition systems;multimodal identification system;multimodal recognition algorithm;palm print features;palm print images;palm vein features;palm vein images;principal lines;ridges;source images;subbands;texture features;vein patterns;wrinkles;Feature extraction;Filter banks;Gabor filters;Image resolution;Laplace equations;Transforms;Veins;Biometrics;Contourlet transform;Euclidean distance;Palm print;palm vein},
  owner     = {marco},
  timestamp = {2014.03.25},
}

@Article{gainey2000understanding,
  author    = {Gainey, Randy R and Payne, Brian K},
  title     = {Understanding the Experience of House Arrest with Electronic Monitoring: An Analysis of Quantitative and Qualitative Data},
  journal   = {International Journal of Offender Therapy and Comparative Criminology},
  year      = {2000},
  volume    = {44},
  number    = {1},
  pages     = {84--96},
  owner     = {marco},
  publisher = {Sage Publications},
  timestamp = {2015.04.29},
}

@InProceedings{gamboa2004behavioral,
  author       = {Gamboa, Hugo and Fred, Ana},
  title        = {A Behavioral Biometric System Based on Human-computer Interaction},
  booktitle    = {Defense and Security},
  year         = {2004},
  pages        = {381--392},
  organization = {International Society for Optics and Photonics},
  owner        = {marco},
  timestamp    = {2014.03.31},
}

@Conference{Ganeriwal2005,
  author    = {S. Ganeriwal and D. Ganesan and H. Shim and V. Tsiatsis and B. Srivastava},
  title     = {Estimating Clock Uncertainty for Efficient Duty-cycling in Sensor Networks},
  booktitle = {{Proceedings of the Third International Conference on Embedded Networked Sensor Systems (Sensys)}},
  year      = {2005},
  owner     = {marco},
  timestamp = {2013.05.06},
}

@Conference{Ganeriwal2003,
  author    = {S. Ganeriwal and R. Kumar and M. B. Srivastava},
  title     = {Timing-sync Protocol for Sensor Networks},
  booktitle = {Proceedings of the Sensys03},
  year      = {2003},
  owner     = {marco},
  timestamp = {2013.05.06},
}

@Article{Ganesan2001,
  author    = {D. Ganesan and R. Govindan and S. Shenker and D. Estrin},
  title     = {Highly-resilient, Energy-efficient Multipath Routing in Wireless Sensor Networks},
  journal   = {ACM SIGMOBILE Mobile Computing and Communications Review},
  year      = {2001},
  volume    = {5},
  number    = {4},
  pages     = {1125},
  owner     = {Marco},
  timestamp = {2012.12.05},
}

@Article{garcia2007wireless,
  author    = {Garc{\'\i}a-Hern{\'a}ndez, Carlos F and Ibarguengoytia-Gonzalez, Pablo H and Garc{\'\i}a-Hern{\'a}ndez, Joaqu{\'\i}n and P{\'e}rez-D{\'\i}az, Jes{\'u}s A},
  title     = {Wireless Sensor Networks and Applications: A Survey},
  journal   = {IJCSNS International Journal of Computer Science and Network Security},
  year      = {2007},
  volume    = {7},
  number    = {3},
  pages     = {264--273},
  owner     = {marco},
  timestamp = {2014.12.04},
}

@InProceedings{godil2004face,
  author       = {Godil, Afzal and Ressler, Sandy and Grother, Patrick},
  title        = {Face Recognition Using {3D} Facial Shape and Color Map Information: Comparison and Combination},
  booktitle    = {Defense and Security},
  year         = {2004},
  pages        = {351--361},
  organization = {International Society for Optics and Photonics},
  owner        = {marco},
  timestamp    = {2014.03.25},
}

@Book{Golomb2005,
  title         = {Signal Design for Good Correlation},
  publisher     = {Cambridge University Press},
  year          = {2005},
  author        = {S. W. Golomb and G. Gong},
  __markedentry = {[Marcoo:6]},
  owner         = {Marcoo},
  timestamp     = {2012.12.12},
}

@Article{Golub1973,
  author        = {G.H. Golub},
  title         = {Some Modified Matrix Eigenvalue Problems},
  journal       = {SIAM Review},
  year          = {1973},
  volume        = {15},
  number        = {2},
  __markedentry = {[Marcoo:6]},
  owner         = {Marcoo},
  timestamp     = {2012.12.12},
}

@InProceedings{Graw1999,
  author        = {G. A. Mc Graw and M. S. Braasch},
  title         = {Gnss Multipath Mitigation Using Gated and High Resolution Correlator Concepts},
  booktitle     = {Proceedings of the National Technical Meeting of the Institute of Navigation ION NTM99},
  year          = {1999},
  __markedentry = {[Marcoo:6]},
  adress        = {San Diego},
  owner         = {Marcoo},
  timestamp     = {2012.12.12},
}

@Conference{Haardt1996,
  author    = {M. Haardt},
  title     = {Efficient One-, Two- and Multidimensional High-resolution Array Signal Processing},
  booktitle = {3-8265-2220-6},
  year      = {1996},
  address   = {Aachen, Germany},
  publisher = {Shaker Verlag},
  owner     = {Marco},
  timestamp = {2012.10.23},
}

@PhdThesis{Haardt1996a,
  author        = {M. Haardt},
  title         = {Efficient One-, Two-, and Multidimensional High-resolution Array Signal Processing},
  school        = {Department Electrical Engineering of Munich University of Technology, Germany},
  year          = {1996},
  __markedentry = {[Marcoo:6]},
  owner         = {Marcoo},
  timestamp     = {2012.12.12},
}

@Article{Haardt1998,
  author    = {Martin Haardt and Josef A. Nossek},
  title     = {Simultaneous Schur Decomposition of Several Nonsymmetric Matrices to Achieve Automatic Pairing in Multidimensional Harmonic Retrieval Problems},
  journal   = {IEEE Transactions on Signal Processing},
  year      = {1998},
  volume    = {46},
  pages     = {161--169},
  owner     = {Marcoo},
  timestamp = {2012.12.13},
}

@InProceedings{Haardt1996b,
  author        = {M. Haardt and J. A. Nossek},
  title         = {2-d Spatial Filters for Coherent Multipath Signals},
  booktitle     = {Proceedings of IEEE/IEE Int. Conf. Telecommunications, B. Sankur, Ed.},
  year          = {1996},
  address       = {Istanbul, Turkey},
  month         = apr,
  __markedentry = {[Marcoo:6]},
  owner         = {Marcoo},
  timestamp     = {2012.12.12},
}

@InProceedings{Haardt1996c,
  author        = {M. Haardt and J. A. Nossek},
  title         = {Structured Least Squares to Improve the Performance of {ESPRIT}-type High-resolution Techniques},
  booktitle     = {Proceedings of IEEE International Conference on Acoustics, Speech, and Signal Processing, ICASSP-96, 1996},
  year          = {1996},
  address       = {Atlanta GA, U.S.A.},
  month         = may,
  __markedentry = {[Marcoo:6]},
  owner         = {Marcoo},
  timestamp     = {2012.12.12},
}

@Article{Haardt1995,
  author        = {M. Haardt and J. A. Nossek},
  title         = {Unitary {ESPRIT}: How to Obtain Increased Estimation Accuracy with a Reduced Computational Burden},
  journal       = {IEEE Transactions on Signal Processing},
  year          = {1995},
  volume        = {43},
  number        = {5},
  month         = may,
  __markedentry = {[Marcoo:6]},
  owner         = {Marcoo},
  timestamp     = {2012.12.12},
}

@Article{Haardt2008a,
  author    = {{Haardt}, M. and {Roemer}, F. and {Del Galdo}, G.},
  title     = {Higher-order {SVD}-based Subspace Estimation to Improve the Parameter Estimation Accuracy in Multidimensional Harmonic Retrieval Problems},
  journal   = {{IEEE Transactions on Signal Processing}},
  year      = {2008},
  volume    = {56},
  pages     = {3198--3213},
  owner     = {Marcoo},
  timestamp = {2012.12.12},
}

@Article{Haardt2008,
  author    = {M. Haardt and F. Roemer and G. Del Gado},
  title     = {Higher-order {SVD} Based Subspace Estimation to Improve Parameter Estimation Accuracy in Multi-dimensional Harmonic Retrieval Problems},
  journal   = {IEEE Transactions on Signal Processing},
  year      = {2008},
  volume    = {56},
  number    = {7},
  pages     = {3198--3213},
  month     = jul,
  owner     = {Marquinho},
  timestamp = {2012.10.03},
}

@Article{Haardt2004,
  author    = {M. Haardt and R. S. Thoma and A. Richter},
  title     = {Multidimensional High-resolution Parameter Estimation with Applications to Channel Sounding},
  journal   = {High-Resolution and Robust Signal Processing},
  year      = {2004},
  pages     = {255--338},
  owner     = {marco},
  quality   = {1},
  timestamp = {2013.09.13},
}

@Conference{Harshman1970,
  author    = {R.A. Harshman},
  title     = {Foundations of the {PARAFAC} Procedure: Model and Conditions for an 'explanatory' Multi-mode Factor Analysis},
  booktitle = {UCLA Working Papers in phonetics},
  year      = {1970},
  owner     = {marco},
  quality   = {1},
  timestamp = {2013.07.24},
}

@Conference{Heinzelman2000,
  author    = {W. R. Heinzelman and A. Chandrakasan and H. Balakrishnan},
  title     = {Energy-efficient Communication Protocol for Wireless Microsensor Networks},
  booktitle = {Proceedings of the 33rd Hawaii International Conference on System Sciences},
  year      = {2000},
  owner     = {Marcoo},
  timestamp = {2012.12.04},
}

@InProceedings{husken2005strategies,
  author       = {Husken, Michael and Brauckmann, Michael and Gehlen, Stefan and Von der Malsburg, Christoph},
  title        = {Strategies and Benefits of Fusion of {2D} and {3D} Face Recognition},
  booktitle    = {Computer Vision and Pattern Recognition-Workshops, 2005. CVPR Workshops. IEEE Computer Society Conference on},
  year         = {2005},
  pages        = {174--174},
  organization = {IEEE},
  owner        = {marco},
  timestamp    = {2014.03.25},
}

@Article{Iltis2003,
  author        = {R. A. Iltis and S. Kim},
  title         = {Geometric Derivation of Expectation-maximization and Generalized Successive Interference Cancellation Algorithms with Applications to {CDMA} Channel Estimation},
  journal       = {IEEE Transactions on Signal Processing},
  year          = {2003},
  volume        = {51},
  number        = {5},
  month         = may,
  __markedentry = {[Marcoo:6]},
  owner         = {Marcoo},
  timestamp     = {2012.12.12},
}

@InProceedings{irfanoglu20043d,
  author       = {Irfanoglu, M Okan and Gokberk, B and Akarun, Lale},
  title        = {{3D} Shape-based Face Recognition Using Automatically Registered Facial Surfaces},
  booktitle    = {Pattern Recognition, 2004. ICPR 2004. Proceedings of the 17th International Conference on},
  year         = {2004},
  volume       = {4},
  pages        = {183--186},
  organization = {IEEE},
  owner        = {marco},
  timestamp    = {2014.04.28},
}

@InProceedings{Irsigler2003,
  author        = {M.~Irsigler and B.~Eissfeller},
  title         = {Comparison of Multipath Mitigation Techniques with Consideration of Future Signal Structures},
  booktitle     = {Proceedings of the ION GPS/GNSS 2003},
  year          = {2003},
  address       = {Portland, OR},
  month         = sep,
  __markedentry = {[Marcoo:6]},
  owner         = {Marcoo},
  timestamp     = {2012.12.12},
}

@Article{Jafarkhani2001,
  author    = {Hamid Jafarkhani},
  title     = {A Quasi-orthogonal Space-time Block Code},
  journal   = {IEEE Transactions on Communications},
  year      = {2001},
  volume    = {49},
  owner     = {Marco},
  timestamp = {2013.01.20},
}

@InProceedings{janakiraman2005using,
  author       = {Janakiraman, Rajkumar and Kumar, Sandeep and Zhang, Sheng and Sim, Terence},
  title        = {Using Continuous Face Verification to Improve Desktop Security},
  booktitle    = {Application of Computer Vision, 2005. WACV/MOTIONS'05 Volume 1. Seventh IEEE Workshops on},
  year         = {2005},
  volume       = {1},
  pages        = {501--507},
  organization = {IEEE},
  owner        = {marco},
  timestamp    = {2014.03.25},
}

@Conference{Jang2004,
  author    = {J. Jang and S. Lee and C. Kee},
  title     = {Performance Enhancement of Attitude Determination System by Combining Single and Multiple Antennas},
  booktitle = {Proc. of the 17th International Technical Meeting of the Satellite Division of The Institute of Navigation (ION GNSS 2004)},
  year      = {2004},
  pages     = {2066--2073},
  address   = {Long Beach, CA, USA},
  owner     = {Marco},
  timestamp = {2012.10.28},
}

@Article{Jansson1998,
  author        = {M. Jansson and A. L. Swindlehurst and B. Ottersten},
  title         = {Weighted Subspace Fitting for General Array Error Models},
  journal       = {IEEE Transactions on Signal Processing},
  year          = {1998},
  volume        = {46},
  number        = {9},
  month         = sep,
  __markedentry = {[Marcoo:6]},
  owner         = {Marcoo},
  timestamp     = {2012.12.12},
}

@Article{jayaweera2006virtual,
  author    = {Jayaweera, Sudharman K},
  title     = {Virtual {MIMO}-based Cooperative Communication for Energy-constrained Wireless Sensor Networks},
  journal   = {Wireless Communications, IEEE Transactions on},
  year      = {2006},
  volume    = {5},
  number    = {5},
  pages     = {984--989},
  owner     = {marco},
  publisher = {IEEE},
  timestamp = {2014.11.14},
}

@Conference{Jayaweera2004,
  author    = {S. K. Jayaweera},
  title     = {Energy Analysis of {MIMO} Techniques in Wireless Sensor Networks},
  booktitle = {38th Annual Conf. on Information Science and Systems},
  year      = {2004},
  owner     = {Marcoo},
  timestamp = {2012.12.04},
}

@Conference{Jea2005,
  author    = {D. Jea and A. Somasundara and M. Srivastava},
  title     = {Multiple Controlled Mobile Elements (data Mules) for Data Collection in Sensor Networks},
  booktitle = {Distributed Computing in Sensor Systems, First IEEE International Conference, DCOSS 2005, Proceedings},
  year      = {2005},
  address   = {Marina del Rey, CA, USA},
  month     = jul,
  owner     = {Marco},
  timestamp = {2012.12.05},
}

@InProceedings{jing2011multi,
  author       = {Jing, Xiaoyuan and Li, Sheng and Yao, Yongfang and Li, Wenqian and Wu, Fei and Lan, Chao},
  title        = {Multi-modal Biometric Feature Extraction and Recognition Based on Subclass Discriminant Analysis (sda) and Generalized Singular Value Decomposition (gsvd)},
  booktitle    = {Hand-Based Biometrics (ICHB), 2011 International Conference on},
  year         = {2011},
  pages        = {1--6},
  organization = {IEEE},
  owner        = {marco},
  timestamp    = {2014.03.25},
}

@InProceedings{julier1997new,
  author       = {Julier, S. J. and Uhlmann, J. K.},
  title        = {A New Extension of the {Kalman} Filter to Nonlinear Systems},
  booktitle    = {Int. symp. aerospace/defense sensing, simul. and controls},
  year         = {1997},
  volume       = {3},
  number       = {26},
  pages        = {3--2},
  organization = {Orlando, FL},
  owner        = {marco},
  timestamp    = {2014.07.03},
}

@Conference{Junior2012,
  author    = {R. S. Ferreira Jr. and M. A. M. Marinho and K. Liu and J. P. C. L. da Costa and A. V. Amaral and H. C. So},
  title     = {Improved Landing Radio Altimeter for Unmanned Aerial Vehicles Based on an Antenna Array},
  year      = {2012},
  owner     = {Marco},
  timestamp = {2013.01.13},
}

@InProceedings{kakadiaris20063d,
  author    = {Kakadiaris, Ioannis A and Passalis, Georgios and Toderici, George and Murtuza, Mohammed N and Theoharis, Theoharis},
  title     = {{3D} Face Recognition.},
  booktitle = {BMVC},
  year      = {2006},
  pages     = {869--878},
  owner     = {marco},
  timestamp = {2014.04.28},
}

@Book{Kay1993,
  title         = {Fundamentals of Statistical Signal Processing: Estimation Theory},
  publisher     = {Prentice Hall PTR},
  year          = {1993},
  author        = {S. M. Kay},
  volume        = {1},
  __markedentry = {[Marcoo:6]},
  owner         = {Marcoo},
  timestamp     = {2012.12.12},
}

@Book{Kayton1997,
  title         = {Avionics Navigation Systems},
  publisher     = {John Willey \& Sons, Inc.},
  year          = {1997},
  author        = {M. Kayton and W. R. Fried},
  __markedentry = {[Marcoo:6]},
  owner         = {Marcoo},
  timestamp     = {2012.12.12},
}

@Article{kilgore2012would,
  author    = {Kilgore, James},
  title     = {Would You like an Ankle Bracelet with That?: Winners and Losers in Electronic Monitoring},
  journal   = {Dissent},
  year      = {2012},
  volume    = {59},
  number    = {1},
  pages     = {66--71},
  owner     = {marco},
  publisher = {University of Pennsylvania Press},
  timestamp = {2015.04.29},
}

@Article{Kim2005,
  author        = {I. Y. Kim and O. L. de Weck},
  title         = {Adaptive Weighted-sum Method for Bi-objective Optimization: Pareto Front Generation},
  journal       = {Structural and Multidisciplinary Optimization},
  year          = {2005},
  volume        = {29},
  number        = {2},
  __markedentry = {[Marcoo:6]},
  owner         = {Marcoo},
  timestamp     = {2012.12.12},
}

@Article{kim2008performance,
  author    = {Kim, N. and Lee, Y. and Park, H.},
  title     = {Performance Analysis of {MIMO} System with Linear {MMSE} Receiver},
  journal   = {Wireless Communications, IEEE Transactions on},
  year      = {2008},
  volume    = {7},
  number    = {11},
  pages     = {4474--4478},
  owner     = {marco},
  publisher = {IEEE},
  timestamp = {2015.06.10},
}

@InProceedings{king2006dead,
  author    = {King, T. and F{\"u}{\ss}ler, H. and Transier, M. and Effelsberg, W.},
  title     = {Dead-reckoning for Position-based Forwarding on Highways},
  booktitle = {Proc. of the 3rd International Workshop on Intelligent Transportation (WIT 2006)},
  year      = {2006},
  pages     = {199--204},
  owner     = {marco},
  timestamp = {2017.01.13},
}

@Article{Kocian2003,
  author        = {A. Kocian and B. H. Fleury},
  title         = {Em-based Joint Data Detection and Channel Estimation of {DS}-{CDMA} Signals},
  journal       = {IEEE Transactions on Communications},
  year          = {2003},
  volume        = {51},
  number        = {10},
  month         = oct,
  __markedentry = {[Marcoo:6]},
  owner         = {Marcoo},
  timestamp     = {2012.12.12},
}

@InProceedings{koppen2012fairness,
  author       = {Koppen, Mario and Soria-Frisch, Aureli and Acedo, Javier},
  title        = {Fairness-based Parameter Selection in Multi-modal Biometric Authentication},
  booktitle    = {Intelligent Systems Design and Applications (ISDA), 2012 12th International Conference on},
  year         = {2012},
  pages        = {979--985},
  organization = {IEEE},
  owner        = {marco},
  timestamp    = {2014.03.25},
}

@InProceedings{Krach2008,
  author        = {B. Krach and M. Lentmaier and P. Robertson},
  title         = {Joint Baysian Positioning and Multipath Mitigation in Gnss},
  booktitle     = {Proceedings of the 33rd IEEE International Conference on Acoustics, Speech and Signal Processing ICASSP},
  year          = {2008},
  address       = {Las Vegas, U.S.A.},
  month         = apr,
  __markedentry = {[Marcoo:6]},
  owner         = {Marcoo},
  timestamp     = {2012.12.12},
}

@Article{Krim1994,
  author    = {H. Krim and J.G. Proakis},
  title     = {Smoothed Eigenspace-based Parameter Estimation},
  journal   = {Auromaticu, Special Issue on Statistical Signal Processing and Control},
  year      = {1994},
  owner     = {marco},
  quality   = {1},
  timestamp = {2013.12.02},
}

@Article{Krim1996,
  author    = {Krim, H. and Viberg, M.},
  title     = {Two Decades of Array Signal Processing Research: The Parametric Approach},
  journal   = {IEEE Signal Processing Magazine},
  year      = {1996},
  volume    = {13},
  pages     = {67--94},
  owner     = {marco},
  quality   = {1},
  timestamp = {2013.07.24},
}

@Article{kumar2013applications,
  author    = {Kumar, V. and Mishra, S. and Chand, N.},
  title     = {Applications of {VANETs}: Present \& Future},
  journal   = {Communications and Network},
  year      = {2013},
  volume    = {5},
  number    = {01},
  pages     = {12},
  owner     = {marco},
  publisher = {Scientific Research Publishing},
  timestamp = {2017.01.20},
}

@Conference{Kurpjuhn2001,
  author    = {Kurpjuhn, T. and Ivrlac, M. T. and Nossek, J. A.},
  title     = {Vandermonde Invariance Transformation},
  booktitle = {Acoustics, Speech, and Signal Processing, 2001. Proceedings. (ICASSP '01). 2001 IEEE International Conference on},
  year      = {2001},
  owner     = {marco},
  quality   = {1},
  timestamp = {2013.08.11},
}

@PhdThesis{Kurpjuhn2004,
  author        = {T. P. Kurpjuhn},
  title         = {Transmission Strategies in Wireless {MIMO} Communication Systems},
  school        = {Department Electrical Engineering of Munich University of Technology, Germany},
  year          = {2004},
  __markedentry = {[Marcoo:6]},
  owner         = {Marcoo},
  timestamp     = {2012.12.12},
}

@Article{Landau1961,
  author        = {H. J. Landau and H. O. Pollak},
  title         = {Prolate Spheroidal Wave Functions, {Fourier} Analysis and Uncertainty- Ii},
  journal       = {Bell Systems Technology Journal},
  year          = {1961},
  volume        = {40},
  number        = {1},
  __markedentry = {[Marcoo:6]},
  owner         = {Marcoo},
  timestamp     = {2012.12.12},
}

@PhdThesis{Landmann2008,
  author        = {M. Landmann},
  title         = {Limitations of Experimental Channel Characterisation},
  school        = {TU-Ilmenau, Ilmenau, Germany},
  year          = {2008},
  __markedentry = {[Marcoo:6]},
  owner         = {Marcoo},
  timestamp     = {2012.12.12},
}

@InProceedings{Landmann2009,
  author        = {M. Landmann and R. S. Thoma},
  title         = {Common Pitfalls in Multidimensional High Resolution Channel Parameter Estimation},
  booktitle     = {Proceedings of IEEE 13th Digital Signal Processing Workshop and 5th IEEE Signal Processing Education Workshop, DSP/SPE, 2009},
  year          = {2009},
  address       = {Marco Island FL, U.S.A.},
  month         = jan,
  __markedentry = {[Marcoo:6]},
  owner         = {Marcoo},
  timestamp     = {2012.12.12},
}

@Article{Landolsi2007,
  author        = {M. A. Landolsi},
  title         = {Perfromance Limits in {DS}-{CDMA} Timing Acquisition},
  journal       = {IEEE Transactions on Wireless Communications},
  year          = {2007},
  volume        = {6},
  number        = {9},
  __markedentry = {[Marcoo:6]},
  owner         = {Marcoo},
  timestamp     = {2012.12.12},
}

@Article{Landolsi2004,
  author        = {M. A. Landolsi},
  title         = {Minimisation of Timing Jitter in {CDMA} Code Tracking},
  journal       = {IEEE Electronics Letters},
  year          = {2004},
  volume        = {40},
  number        = {21},
  __markedentry = {[Marcoo:6]},
  owner         = {Marcoo},
  timestamp     = {2012.12.12},
}

@Misc{Landsiedel2005,
  author    = {Olaf Landsiedel and Klaus Wehrle and Stefan G{\"{o}}tz},
  title     = {Accurate Prediction of Power Consumption in Sensor Networks},
  year      = {2005},
  owner     = {Marco},
  timestamp = {2012.12.08},
}

@Conference{Lanzisera2009,
  author    = {S. Lanzisera and A. M. Mehta and K. S. J. Pister},
  title     = {Reducing Average Power in Wireless Sensor Networks through Data Rate Adaptation},
  booktitle = {Proc. IEEE International Conference on Communications},
  year      = {2009},
  pages     = {480--485},
  owner     = {Marcoo},
  timestamp = {2012.12.09},
}

@Conference{Lau2004,
  author    = {Lau, B. K. and Cook, G. J. and Leung, Y. H.},
  title     = {An Improved Array Interpolation Approach to {DOA} Estimation in Correlated Signal Environments},
  booktitle = {Acoustics, Speech, and Signal Processing, 2004. Proceedings. (ICASSP '04). IEEE International Conference on},
  year      = {2004},
  owner     = {marco},
  quality   = {1},
  timestamp = {2013.08.09},
}

@Conference{Lau2005,
  author    = {Lau, B. K. and Viberg, M. and Leung, Y. H.},
  title     = {Data-adaptive Array Interpolation for {DOA} Estimation in Correlated Signal Environments},
  booktitle = {Acoustics, Speech, and Signal Processing, 2005. Proceedings. (ICASSP '05). IEEE International Conference on},
  year      = {2005},
  owner     = {marco},
  quality   = {1},
  timestamp = {2013.08.09},
}

@InProceedings{lee20033d,
  author       = {Lee, Yeunghak and Yi, Taihong},
  title        = {{3D} Face Recognition Using Multiple Features for Local Depth Information},
  booktitle    = {Video/Image Processing and Multimedia Communications, 2003. 4th EURASIP Conference focused on},
  year         = {2003},
  volume       = {1},
  pages        = {429--434},
  organization = {IEEE},
  owner        = {marco},
  timestamp    = {2014.03.25},
}

@Article{leinmuller2006position,
  author    = {Leinmuller, T. and Schoch, E. and Kargl, F.},
  title     = {Position Verification Approaches for Vehicular Ad Hoc Networks},
  journal   = {IEEE Wireless Communications},
  year      = {2006},
  volume    = {13},
  number    = {5},
  pages     = {16--21},
  owner     = {marco},
  publisher = {IEEE},
  timestamp = {2017.01.13},
}

@Conference{Lettieri1998,
  author    = {P. Lettieri and M. B. Srivastava},
  title     = {Adaptive Frame Length Control for Improving Wireless Link Throughput, Range and Energy Efficiency},
  booktitle = {INFOCOM '98. Seventeenth Annual Joint Conference of the IEEE Computer and Communications Societies. Proceedings. IEEE},
  year      = {1998},
  owner     = {Marcoo},
  timestamp = {2012.12.06},
}

@Article{Li1991,
  author    = {Jian Li and Compton, R.T., Jr.},
  title     = {Angle and Polarization Estimation Using {ESPRIT} with a Polarization Sensitive Array},
  journal   = {Antennas and Propagation, IEEE Transactions on},
  year      = {1991},
  volume    = {39},
  pages     = {1376--1383},
  owner     = {marco},
  quality   = {1},
  timestamp = {2013.09.20},
}

@InProceedings{liang2010energy,
  author       = {Liang, Ying and Feng, Yongxin},
  title        = {An Energy-efficient Routing Protocol Based Dynamic Cooperative {MIMO} for Wireless Sensor Network},
  booktitle    = {Intelligent Networks and Intelligent Systems (ICINIS), 2010 3rd International Conference on},
  year         = {2010},
  pages        = {610--613},
  organization = {IEEE},
  owner        = {marq_mr},
  timestamp    = {2015.04.14},
}

@Article{Liang2010,
  author    = {Yao Liang and Wei Peng},
  title     = {Minimizing Energy Consumptions in Wireless Sensor Networks Via Two-modal Transmission},
  journal   = {ACM SIGCOMM Computer Communication Review},
  year      = {2010},
  volume    = {40},
  pages     = {13--18},
  owner     = {Marco},
  timestamp = {2013.03.05},
}

@Conference{Liu2012,
  author    = {K. Liu and J. P. C. L. da Costa and H. C. So and L. F. A. Gad{\^{e}}lha and G. A. Borges},
  title     = {Improved Attitude Determination for Unmanned Aerial Vehicles with a Cross-shaped Antenna Array},
  booktitle = {Proc. IASTED International Conference on Signal and Image Processing (SIP 2012)},
  year      = {2012},
  pages     = {60--67},
  address   = {Honolulu, Hawaii, USA},
  month     = aug,
  owner     = {Marco},
  timestamp = {2012.10.28},
}

@Article{liu20133,
  author    = {Liu, Kefei and Da Costa, Jo{\~a}O Paulo CL and So, Hing Cheung and R{\"o}mer, Florian and Haardt, Martin and De A Gad{\^e}Lha, Luiz F},
  title     = {{3-D} Unitary {ESPRIT}: Accurate Attitude Estimation for Unmanned Aerial Vehicles with a Hexagon-shaped Espar Array},
  journal   = {Digital Signal Processing},
  year      = {2013},
  volume    = {23},
  number    = {3},
  pages     = {701--711},
  owner     = {marco},
  publisher = {Elsevier},
  timestamp = {2014.12.04},
}

@Article{Logothetis2000,
  author        = {A. Logothetis and C. Carlemalm},
  title         = {Sage Algorithm for Multipath Detection and Parameter Estimation in Asynchronous {CDMA} Systems},
  journal       = {IEEE Transactions on Signal Processing},
  year          = {2000},
  volume        = {48},
  number        = {11},
  month         = nov,
  __markedentry = {[Marcoo:6]},
  owner         = {Marcoo},
  timestamp     = {2012.12.12},
}

@Article{Lou2006,
  author    = {Lou, W. and Liu, W. and Zhang, Y},
  title     = {Performance Optimization Using Multipath Routing in Mobile Ad Hoc and Wireless Sensor Networks},
  journal   = {Combinator. Optim. Commun. Netw.},
  year      = {2006},
  volume    = {2},
  pages     = {117--146},
  owner     = {Marco},
  timestamp = {2012.12.07},
}

@Conference{Lucarelli2004,
  author    = {D. Lucarelli and I.-J. Wang},
  title     = {Decentralized Synchronization Protocols with Nearest Neighbor Communication},
  booktitle = {Proceedings of the Sensys04},
  year      = {2004},
  owner     = {marco},
  timestamp = {2013.05.06},
}

@Article{Luo2002,
  author        = {T. Luo and S. Pasupathy and E. S. Sousa},
  title         = {Interference Control and Chip Waveform Design in Multirate {DS}-{CDMA} Communication Systems},
  journal       = {IEEE Transactions on Wireless Communications},
  year          = {2002},
  volume        = {1},
  number        = {1},
  __markedentry = {[Marcoo:6]},
  owner         = {Marcoo},
  timestamp     = {2012.12.12},
}

@Conference{Mannermaa1999,
  author    = {J. Mannermaa and K. Kalliomaki and T. Mansten and S. Turunen},
  title     = {Timing Performance of Varios {GPS} Receivers},
  booktitle = {Proceedings of the 1999 Joint Meeting of the European Frequency and Time Forum and the IEEE International Frequency Control Symposium},
  year      = {1999},
  owner     = {marco},
  timestamp = {2013.05.07},
}

@Misc{Marinho2013c,
  author       = {Marco A. M. Marinho},
  title        = {Cooperative {MIMO} for Wireless Sensor Network and Antenna Array Based Solutions for Unmanned Aerial Vehicles},
  howpublished = {Tese de Gradua{\c{c}}{\~{a}}o},
  year         = {2013},
  owner        = {Marco},
  timestamp    = {2013.01.13},
}

@Conference{Marinho2014a,
  author    = {M. A. M. Marinho and F. Antreich and J. P. C. L. da Costa and J. A. Nossek},
  title     = {A Signal Adaptive Array Interpolation Approach with Reduced Transformation Bias for {DOA} Estimation of Highly Correlated Signals},
  booktitle = {Acoustics, Speech, and Signal Processing, 2004. Proceedings. (ICASSP '14). IEEE International Conference on},
  year      = {2014},
  owner     = {marco},
  timestamp = {2014.02.03},
}

@Conference{Marinho2014b,
  author    = {M. A. M. Marinho and F. Antreich and J. P. C. L. da Costa and J. A. Nossek},
  title     = {Reduced Rank Tls Array Interpolation for {DOA} Estimation},
  booktitle = {18th International ITG Workshop on Smart Antennas (WSA 2014)},
  year      = {2014},
  owner     = {marco},
  timestamp = {2014.02.04},
}

@Conference{Marinho2015a,
  author    = {M. A. M. Marinho and J. P. C. L. da Costa and F.Antreich and L. R. A. X. de Menezes},
  title     = {Multidimensional Array Interpolation Applied to Direction of Arrival Estimation},
  booktitle = {19th International ITG Workshop on Smart Antennas (WSA 2015)},
  year      = {2015},
  owner     = {marco},
  timestamp = {2015.02.10},
}

@Conference{Marinho2014c,
  author    = {M. A. M. Marinho and E. P. de Freitas and J. P. C. L. da Costa and R. T. de Sousa Jr.},
  title     = {Sensor Localization Via Diversely Polarized Antennas},
  booktitle = {International Workshop on Performance Control in Wireless Sensor Networks (PWSN)},
  year      = {2014},
  owner     = {marco},
  timestamp = {2014.08.12},
}

@Conference{Marinho2013d,
  author    = {M. A. M. Marinho and E. P. de Freitas and J. P. C. L. da Costa and R. T. de Sousa Jr.},
  title     = {Applying Cooperative {MIMO} Technique in an Adaptive Routing Mechanism for Wireless Sensor Networks},
  booktitle = {2013 IEEE Conference on Wireless Sensors (ICWiSe2013)},
  year      = {2013},
  owner     = {marco},
  timestamp = {2014.08.12},
}

@Conference{Marinho2013e,
  author    = {M. A. M. Marinho and E. P. de Freitas and J. P. C. L. da Costa and R. T. de Sousa Jr.},
  title     = {Synchronization for Cooperative {MIMO} in Wireless Sensor Networks},
  booktitle = {NEW2AN/ruSMART 2013},
  year      = {2013},
  owner     = {marco},
  timestamp = {2014.08.12},
}

@Conference{Marinho2013b,
  author    = {M. A. M. Marinho and R. S. Ferreira Jr. and J. P.C. L. da Costa and E. P. de Freitas and K. Liu and H. C. So and F. Antreich},
  title     = {Antenna Array Based Positioning Scheme for Unmanned Aerial Vehicles},
  booktitle = {17th International ITG Workshop on Smart Antennas (WSA 2013)},
  year      = {2013},
  owner     = {Marco},
  timestamp = {2013.01.13},
}

@Conference{Markley1987,
  author    = {Markley, F. L.},
  title     = {Attitude Determination Using Vector Observations and the Singular Value Decomposition},
  booktitle = {AAS/AIAA Astrodynamics Specialist Conference},
  year      = {1987},
  owner     = {Marco},
  timestamp = {2012.12.17},
}

@Book{McLachlan1997,
  title         = {The Em Algorithm and Extensions},
  publisher     = {John Wiley \& Sons, Inc., New York},
  year          = {1997},
  author        = {G. J. McLachlan and T. Krishnan},
  __markedentry = {[Marcoo:6]},
  owner         = {Marcoo},
  timestamp     = {2012.12.12},
}

@Article{de2008efficient,
  author    = {de Menezes, Leonardo RAX and Ajayi, Ajibola and Christopoulos, C and Sewell, P and Borges, Geovany A},
  title     = {Efficient Computation of Stochastic Electromagnetic Problems Using Unscented Transforms},
  journal   = {IET Science, Measurement \& Technology},
  year      = {2008},
  volume    = {2},
  number    = {2},
  pages     = {88--95},
  owner     = {marco},
  publisher = {IET},
  timestamp = {2014.07.03},
}

@InProceedings{de2008modeling,
  author       = {de Menezes, Leonardo RAX and Paredes, Abraham O and Abdalla, H and Borges, Geovany A},
  title        = {Modeling Device Manufacturing Uncertainty in Electromagnetic Simulations},
  booktitle    = {Microwave Symposium Digest, 2008 IEEE MTT-S International},
  year         = {2008},
  pages        = {1385--1388},
  organization = {IEEE},
  owner        = {marco},
  timestamp    = {2014.07.03},
}

@Article{de2010new,
  author    = {de Menezes, Leonardo RAX and Soares, Ant{\^o}nio JM and Silva, Franklin C and Terada, Marco AB and Correia, Davi},
  title     = {A New Procedure for Assessing the Sensitivity of Antennas Using the Unscented Transform},
  journal   = {Antennas and Propagation, IEEE Transactions on},
  year      = {2010},
  volume    = {58},
  number    = {3},
  pages     = {988--993},
  owner     = {marco},
  publisher = {IEEE},
  timestamp = {2014.07.03},
}

@Conference{Meuer2012,
  author    = {M. Meurer and A. Konovaltsev and M. Cuntz and C. H{\"{a}}ttich},
  title     = {Robust Joint Multi-antenna Spoofing Detection and Attitude Estimation Using Direction Assisted Multiple Hypotheses Raim},
  booktitle = {in Proceedings of the 25th International Technical Meeting of the Satellite Division of The Institute of Navigation (ION GNSS 2012)},
  year      = {2012},
  owner     = {marco},
  timestamp = {2014.02.07},
}

@Book{Meyr1998,
  title         = {Digital Communication Receivers- Synchronization, Channel Estimation, and Signal Processing},
  publisher     = {John Wiley \& Sons,Inc.},
  year          = {1998},
  author        = {H. Meyr and M. Moeneclaey and S. A. Fechtel},
  __markedentry = {[Marcoo:6]},
  owner         = {Marcoo},
  timestamp     = {2012.12.12},
}

@Article{Meyr1994,
  author        = {H. Meyr and M. Oerder and A. Polydoros},
  title         = {On Sampling Rate, Analog Prefiltering, and Sufficient Statistics for Digital Receivers},
  journal       = {IEEE Transactions on Communications},
  year          = {1994},
  volume        = {42},
  number        = {12},
  month         = dec,
  __markedentry = {[Marcoo:6]},
  owner         = {Marcoo},
  timestamp     = {2012.12.12},
}

@Conference{Mhatre2004,
  author    = {V. Mhatre and C. Rosenberg},
  title     = {Design Guidelines for Wireless Sensor Networks: Communication, Clustering and Aggregation},
  booktitle = {Elsevier Ad Hoc Networks},
  year      = {2004},
  owner     = {Marco},
  timestamp = {2012.12.07},
}

@Article{mietzner2009multiple,
  author    = {Mietzner, Jan and Schober, Robert and Lampe, Lutz and Gerstacker, Wolfgang H and Hoeher, Peter A},
  title     = {Multiple-antenna Techniques for Wireless Communications-a Comprehensive Literature Survey},
  journal   = {Communications Surveys \& Tutorials, IEEE},
  year      = {2009},
  volume    = {11},
  number    = {2},
  pages     = {87--105},
  owner     = {marco},
  publisher = {IEEE},
  timestamp = {2016.02.22},
}

@Article{Miller1990,
  author    = {M. I. Miller and D. R. Fuhrmann},
  title     = {Maximum-likelhood Narrow-band Direction Finding and the {EM} Algorithm},
  journal   = {IEEE Transactions on Acoustics Speech and Signal Processing},
  year      = {1990},
  volume    = {38},
  pages     = {1560--1577},
  owner     = {marco},
  quality   = {1},
  timestamp = {2013.11.20},
}

@InCollection{mini2009energy,
  author    = {Mini, R. A. F. and Loureiro, A. A. F.},
  title     = {Energy in Wireless Sensor Networks},
  booktitle = {Middleware for Network Eccentric and Mobile Applications},
  publisher = {Springer},
  year      = {2009},
  pages     = {3--24},
  owner     = {marco},
  timestamp = {2014.12.02},
}

@Conference{Miranda2014,
  author    = {R. K. Miranda and J. P. C. L. da Costa and M. A. M. Marinho and E. P. de Freitas and R. T. de Sousa Jr},
  title     = {Evaluation of Space-time-frequency (stf)-coded {MIMO}-{OFDM} Systems in Realistic Channel Models},
  booktitle = {28th IEEE International Conference on Advanced Information Networking and Applications (AINA-2014)},
  year      = {2014},
  owner     = {marco},
  timestamp = {2014.08.12},
}

@Book{misra2006global,
  title     = {Global Positioning System: Signals, Measurements and Performance Second Edition},
  publisher = {Lincoln, MA: Ganga-Jamuna Press},
  year      = {2006},
  author    = {Misra, Pratap and Enge, Per},
  owner     = {marco},
  timestamp = {2015.04.29},
}

@InProceedings{modsching2006field,
  author    = {Modsching, M. and Kramer, R. and ten Hagen, K.},
  title     = {Field Trial on {GPS} Accuracy in a Medium Size City: The Influence of Built-up},
  booktitle = {3Rd workshop on positioning, navigation and communication},
  year      = {2006},
  pages     = {209--218},
  owner     = {marco},
  timestamp = {2017.01.13},
}

@Article{Moghaddam2003,
  author        = {P. P. Moghaddam and H. Amindavar and R. L. Kirlin},
  title         = {A New Time-delay Estimation in Multipath},
  journal       = {IEEE Transactions on Signal Processing},
  year          = {2003},
  volume        = {51},
  number        = {5},
  month         = may,
  __markedentry = {[Marcoo:6]},
  owner         = {Marcoo},
  timestamp     = {2012.12.12},
}

@InProceedings{Monrose:1999:PHB:319709.319720,
  author    = {Monrose, Fabian and Reiter, Michael K. and Wetzel, Susanne},
  title     = {Password Hardening Based on Keystroke Dynamics},
  booktitle = {Proceedings of the 6th ACM Conference on Computer and Communications Security},
  year      = {1999},
  series    = {CCS '99},
  pages     = {73--82},
  address   = {New York, NY, USA},
  publisher = {ACM},
  acmid     = {319720},
  doi       = {10.1145/319709.319720},
  isbn      = {1-58113-148-8},
  location  = {Kent Ridge Digital Labs, Singapore},
  numpages  = {10},
  owner     = {marco},
  timestamp = {2014.03.26},
}

@Book{Monzingo1980,
  title         = {Introduction to Adaptive Arrays},
  publisher     = {John Wiley \& Sons},
  year          = {1980},
  author        = {Robert A. Monzingo and Thomas W. Miller},
  __markedentry = {[Marcoo:6]},
  owner         = {Marcoo},
  timestamp     = {2012.12.12},
}

@Article{Moon1996,
  author        = {T. K. Moon},
  title         = {The Expectation-maximization Algorithm},
  journal       = {IEEE Signal Processing Magazine},
  year          = {1996},
  month         = nov,
  __markedentry = {[Marcoo:6]},
  owner         = {Marcoo},
  timestamp     = {2012.12.12},
}

@Book{Muirhead2005,
  title         = {Aspects of Multivariate Statistical Theory},
  publisher     = {Wiley-Interscience, New York},
  year          = {2005},
  author        = {R. J. Muirhead},
  __markedentry = {[Marcoo:6]},
  owner         = {Marcoo},
  timestamp     = {2012.12.12},
}

@Misc{N.Zhu,
  Title                    = {High Data Rate Wireless Sensor Networks Research},

  Author                   = {N.Zhu and W. Du and D. Navarro and F. Mieyeville and I. O Connor,},
  HowPublished             = {Technical Report},

  Owner                    = {Marcoo},
  Timestamp                = {2012.12.09}
}

@InProceedings{nadeem2006comparative,
  author       = {Nadeem, T. and Shankar, P. and Iftode, L.},
  title        = {A Comparative Study of Data Dissemination Models for {VANETs}},
  booktitle    = {Mobile and Ubiquitous Systems-Workshops, 2006. 3rd Annual International Conference on},
  year         = {2006},
  pages        = {1--10},
  organization = {IEEE},
  owner        = {marco},
  timestamp    = {2017.01.13},
}

@Conference{Nagpal2003,
  author    = {R. Nagpal and H. Shrobe and J. Bachrach},
  title     = {Organizing a Global Coordinate System from Local Information on an Ad Hoc Sensor Network},
  booktitle = {IPSN},
  year      = {2003},
  owner     = {marco},
  quality   = {1},
  timestamp = {2013.09.20},
}

@InProceedings{nakagawa2006multi,
  author       = {Nakagawa, Takehiko and Nakanishi, Isao and Itoh, Yoshio and Fukui, Yutaka},
  title        = {Multi-modal Biometrics Authentication Using On-line Signature and Voice Pitch},
  booktitle    = {Intelligent Signal Processing and Communications, 2006. ISPACS'06. International Symposium on},
  year         = {2006},
  pages        = {399--402},
  organization = {IEEE},
  owner        = {marco},
  timestamp    = {2014.03.25},
}

@Article{nakkabi2010improving,
  author    = {Nakkabi, Youssef and Traor{\'e}, Issa and Ahmed, Ahmed Awad E},
  title     = {Improving Mouse Dynamics Biometric Performance Using Variance Reduction Via Extractors with Separate Features},
  journal   = {Systems, Man and Cybernetics, Part A: Systems and Humans, IEEE Transactions on},
  year      = {2010},
  volume    = {40},
  number    = {6},
  pages     = {1345--1353},
  owner     = {marco},
  publisher = {IEEE},
  timestamp = {2014.03.25},
}

@Article{navstar2011space,
  author    = {Navstar, GPS},
  title     = {Space Segment Navigation User Segment Interfaces, Interface Specification (is-{GPS}-200)},
  journal   = {Global Positioning System Directorate Systems Engineering \& Integration Working Draft Proposed Standard, Rev. F},
  year      = {2011},
  owner     = {marco},
  timestamp = {2015.04.30},
}

@PhdThesis{Nee1995,
  author        = {D. J. R. van Nee},
  title         = {Multipath and Multi-transmitter Interference in Spread-spectrum Communication and Navigation Systems},
  school        = {Delft University, The Netherlands},
  year          = {1995},
  __markedentry = {[Marcoo:6]},
  owner         = {Marcoo},
  timestamp     = {2012.12.12},
}

@Article{Nee1993,
  author        = {R. D. J. van Nee},
  title         = {Spread-spectrum Code and Carrier Synchronization Errors Caused by Multipath and Interference},
  journal       = {IEEE Transactions on Aerospace and Electronic Systems},
  year          = {1993},
  volume        = {29},
  number        = {4},
  month         = oct,
  __markedentry = {[Marcoo:6]},
  owner         = {Marcoo},
  timestamp     = {2012.12.12},
}

@InProceedings{Nee1994,
  author        = {R. D. J. van Nee and P. C. Fenton},
  title         = {The Multipath Estimating Delay Lock Loop Approaching Theoretical Accuracy Limits},
  booktitle     = {Proceedings of IEEE Position Location and Navigation Symposium},
  year          = {1994},
  address       = {Las Vegas, NV, USA},
  month         = apr,
  __markedentry = {[Marcoo:6]},
  owner         = {Marcoo},
  timestamp     = {2012.12.12},
}

@Article{nellis1991electronic,
  author    = {Nellis, Mike},
  title     = {The Electronic Monitoring of Offenders in {England} {AND} {Wales} Recent Developments and Future Prospects},
  journal   = {British Journal of Criminology},
  year      = {1991},
  volume    = {31},
  number    = {2},
  pages     = {165--185},
  owner     = {marco},
  publisher = {CCJS},
  timestamp = {2015.04.29},
}

@Article{neuman1994kerberos,
  author    = {Neuman, B Clifford and Ts'o, Theodore},
  title     = {Kerberos: An Authentication Service for Computer Networks},
  journal   = {Communications Magazine, IEEE},
  year      = {1994},
  volume    = {32},
  number    = {9},
  pages     = {33--38},
  owner     = {marco},
  publisher = {IEEE},
  timestamp = {2014.03.25},
}

@InProceedings{nguyen2008impact,
  author       = {Nguyen, Tuan-Duc and Berder, Olivier and Sentieys, Olivier},
  title        = {Impact of Transmission Synchronization Error and Cooperative Reception Techniques on the Performance of Cooperative {MIMO} Systems},
  booktitle    = {Communications, 2008. ICC'08. IEEE International Conference on},
  year         = {2008},
  pages        = {4601--4605},
  organization = {IEEE},
  owner        = {marco},
  timestamp    = {2014.11.15},
}

@InProceedings{nguyen2007cooperative,
  author       = {Nguyen, Tuan-Duc and Berder, Olivier and Sentieys, Olivier},
  title        = {Cooperative {MIMO} Schemes Optimal Selection for Wireless Sensor Networks},
  booktitle    = {Vehicular Technology Conference, 2007. VTC2007-Spring. IEEE 65th},
  year         = {2007},
  pages        = {85--89},
  organization = {IEEE},
  owner        = {marco},
  timestamp    = {2014.11.15},
}

@Article{Nossek2007,
  author        = {J. A. Nossek and F. Antreich},
  title         = {On Chip Pulse Shape Design for Precise Synchronization of {DS-CDMA} Systems},
  journal       = {International Journal of Circuit Theory and Applications},
  year          = {2007,35(5-�6):565�-574},
  __markedentry = {[Marcoo:6]},
  owner         = {Marcoo},
  timestamp     = {2012.12.12},
}

@Book{Oppenheim1999,
  title         = {Discrete-time Signal Processing},
  publisher     = {Prentice-Hall Inc.},
  year          = {1999},
  author        = {A. V. Oppenheim and R. W. Schafer with J. R. Buck},
  __markedentry = {[Marcoo:6]},
  owner         = {Marcoo},
  timestamp     = {2012.12.12},
}

@Article{Ottersten1992,
  author        = {B. Ottersten and M. Viberg and T. Kailath},
  title         = {Analysis of Subspace Fitting and {ML} Techniques for Parameter Estimation from Sensor Array Data},
  journal       = {IEEE Transactions on Signal Processing},
  year          = {1992},
  volume        = {40},
  number        = {3},
  month         = mar,
  __markedentry = {[Marcoo:6]},
  owner         = {Marcoo},
  timestamp     = {2012.12.12},
}

@Book{Papoulis1962,
  title         = {The {Fourier} Integral and Its Applications},
  publisher     = {McGraw-Hill Book Company Inc.},
  year          = {1962},
  author        = {A. Papoulis},
  __markedentry = {[Marcoo:6]},
  owner         = {Marcoo},
  timestamp     = {2012.12.12},
}

@Article{parker2007vehicular,
  author    = {Parker, R. and Valaee, S.},
  title     = {Vehicular Node Localization Using Received-signal-strength Indicator},
  journal   = {IEEE Transactions on Vehicular Technology},
  year      = {2007},
  volume    = {56},
  number    = {6},
  pages     = {3371--3380},
  owner     = {marco},
  publisher = {IEEE},
  timestamp = {2017.01.13},
}

@Conference{Paulraj1986,
  author    = {A. Paulraj and R. Roy and T. Kailath.},
  title     = {A Subspace Rotation Approach to Signal Parameter Estimation},
  booktitle = {Proceedings o j the IEEE},
  year      = {1986},
  owner     = {marco},
  quality   = {1},
  timestamp = {2013.09.13},
}

@Article{pavlou2003consumer,
  author    = {Pavlou, Paul A},
  title     = {Consumer Acceptance of Electronic Commerce: Integrating Trust and Risk with the Technology Acceptance Model},
  journal   = {International journal of electronic commerce},
  year      = {2003},
  volume    = {7},
  number    = {3},
  pages     = {101--134},
  owner     = {marco},
  publisher = {ME Sharpe},
  timestamp = {2014.03.25},
}

@Conference{Peng2006,
  author    = {Rong Peng and Sichitiu, M.L.},
  title     = {Angle of Arrival Localization for Wireless Sensor Networks},
  booktitle = {Sensor and Ad Hoc Communications and Networks, 2006. SECON '06. 2006 3rd Annual IEEE Communications Society on},
  year      = {2006},
  owner     = {marco},
  quality   = {1},
  timestamp = {2013.09.22},
}

@InProceedings{Pensel1999,
  author        = {K. Pensel and H. Aroudaki and J. A. Nossek},
  title         = {Calibration of Smart Antennas in a {GSM} Network},
  booktitle     = {Proceedings of Signal Processing Advances in Wireless Communications (SPAWC)},
  year          = {1999},
  address       = {Annapolis MD, U.S.A.},
  month         = may,
  __markedentry = {[Marcoo:6]},
  owner         = {Marcoo},
  timestamp     = {2012.12.12},
}

@Article{Pesavento2002,
  author    = {Pesavento, M. and Gershman, A. B. and Z.-Q. Luo},
  title     = {Robust Array Interpolation Using Second-order Cone Programming},
  journal   = {Signal Processing Letters},
  year      = {2002},
  volume    = {9},
  pages     = {8--11},
  booktitle = {Statistical Signal Processing, 2001. Proceedings of the 11th IEEE Signal Processing Workshop on},
  owner     = {marco},
  quality   = {1},
  timestamp = {2013.08.09},
}

@InProceedings{phillips2005overview,
  author       = {Phillips, P Jonathon and Flynn, Patrick J and Scruggs, Todd and Bowyer, Kevin W and Chang, Jin and Hoffman, Kevin and Marques, Joe and Min, Jaesik and Worek, William},
  title        = {Overview of the Face Recognition Grand Challenge},
  booktitle    = {Computer vision and pattern recognition, 2005. CVPR 2005. IEEE computer society conference on},
  year         = {2005},
  volume       = {1},
  pages        = {947--954},
  organization = {IEEE},
  owner        = {marco},
  timestamp    = {2014.03.25},
}

@Article{Pillai1989,
  author        = {S. U. Pillai and B. H. Kwon},
  title         = {Forward/backward Spatial Smoothing Techniques for Coherent Signal Identification},
  journal       = {IEEE Transactions on Acoustics, Speech and Signal Processing},
  year          = {1989},
  volume        = {37},
  pages         = {8--9},
  month         = jan,
  __markedentry = {[Marcoo:6]},
  owner         = {Marcoo},
  timestamp     = {2012.12.12},
}

@Book{Poor1994,
  title         = {An Intoduction to Signal Detection and Estimation},
  publisher     = {Springer Verlag},
  year          = {1994},
  author        = {H. V. Poor},
  __markedentry = {[Marcoo:6]},
  owner         = {Marcoo},
  timestamp     = {2012.12.12},
}

@Conference{Potdar2009,
  author    = {Potdar, V. and Sharif, A. and Chang, E.},
  title     = {Wireless Sensor Networks: A Survey},
  booktitle = {Advanced Information Networking and Applications Workshops, 2009. WAINA '09. International Conference on},
  year      = {2009},
  owner     = {Marcoo},
  timestamp = {2013.01.20},
}

@InProceedings{Prades2005,
  author        = {C. Fern\'andez Prades and P. Closas and J. A. Fern\'andez Rubio},
  title         = {Advanced Signal Processing Techniques in Local User Terminals for Search \& Rescue Systems Based on Meo Satellites},
  booktitle     = {Proceedings of the 16th Annual International Technical Meeting of the Satellite Division of the Institute of Navigation (ION) - Global Satellite Navigation System (GNSS)},
  year          = {2005},
  address       = {Long Beach, CA, USA},
  month         = sep,
  __markedentry = {[Marcoo:6]},
  owner         = {Marcoo},
  timestamp     = {2012.12.12},
}

@InProceedings{Pratt2003,
  author        = {A. R. Pratt and J. I. R. Owen},
  title         = {Boc Modulation Waveforms},
  booktitle     = {Proceedings of the 16th Annual International Technical Meeting of the Satellite Division of the Institute of Navigation (ION) - Global Satellite Navigation System (GNSS)},
  year          = {2003},
  address       = {Portland, OR, USA},
  month         = sep,
  __markedentry = {[Marcoo:6]},
  owner         = {Marcoo},
  timestamp     = {2012.12.12},
}

@Book{Press2007,
  title         = {Numerical Recipes 3rd Edition: The Art of Scientific Computing},
  publisher     = {Cambridge University Press},
  year          = {2007},
  author        = {W. H. Press and S. A. Teukolsky and W. T. Vetterling and B. P. Flannery},
  __markedentry = {[Marcoo:6]},
  owner         = {Marcoo},
  timestamp     = {2012.12.12},
}

@Book{Proakis2008,
  title         = {Digital Communications},
  publisher     = {McGraw-Hill},
  year          = {2008},
  author        = {J.G. Proakis and M. Salehi},
  __markedentry = {[Marcoo:6]},
  owner         = {Marcoo},
  timestamp     = {2012.12.12},
}

@Article{puri2005survey,
  author    = {Puri, Anuj},
  title     = {A Survey of Unmanned Aerial Vehicles ({UAV}) for Traffic Surveillance},
  journal   = {Department of computer science and engineering, University of South Florida},
  year      = {2005},
  owner     = {marco},
  timestamp = {2014.12.04},
}

@InProceedings{pusara2004user,
  author       = {Pusara, Maja and Brodley, Carla E},
  title        = {User Re-authentication Via Mouse Movements},
  booktitle    = {Proceedings of the 2004 ACM workshop on Visualization and data mining for computer security},
  year         = {2004},
  pages        = {1--8},
  organization = {ACM},
  owner        = {marco},
  timestamp    = {2014.03.25},
}

@Article{Radoi2004,
  author    = {E. Radoi and A. Quinquis},
  title     = {A New Method for Estimating the Number of Harmonic Components in Noise with Application in High Resolution Radar},
  journal   = {EURASIP Journal on Applied Signal Processing},
  year      = {2004},
  pages     = {1177--1188},
  owner     = {marco},
  quality   = {1},
  timestamp = {2013.10.31},
}

@Book{Reinsel1998,
  title     = {Multivariate Reduced-rank Regression},
  publisher = {Springer New York},
  year      = {1998},
  author    = {G. C. Reinsel and R. P. Velu},
  editor    = {Springer-Verlag New York},
  owner     = {marco},
  quality   = {1},
  timestamp = {2013.12.02},
}

@Article{Riba2001,
  author        = {J. Riba and J. Sala and G. V\'azquez},
  title         = {Conditional Maximum Likelihood Timing Recovery: Estimators and Bounds},
  journal       = {IEEE Transactions on Signal Processing},
  year          = {2001},
  volume        = {49},
  number        = {4},
  month         = apr,
  __markedentry = {[Marcoo:6]},
  owner         = {Marcoo},
  timestamp     = {2012.12.12},
}

@PhdThesis{Richter2005,
  author        = {A. Richter},
  title         = {On the Estimation of Radio Channel Parameters: Models and Algorithms (rimax)},
  school        = {TU-Ilmenau, Ilmenau, Germany},
  year          = {2005},
  __markedentry = {[Marcoo:6]},
  owner         = {Marcoo},
  timestamp     = {2012.12.12},
}

@PhdThesis{roemer2012advanced,
  author    = {Roemer, Florian},
  title     = {Advanced Algebraic Concepts for Efficient Multi-channel Signal Processing},
  school    = {TU Ilmenau},
  year      = {2012},
  owner     = {marco},
  timestamp = {2015.01.22},
}

@Conference{Roemer2010,
  author    = {Roemer, F. and Becker, H. and Haardt, M.},
  title     = {Analytical Performance Assessment for Multi-dimensional Tensor-{ESPRIT}-type Parameter Estimation Algorithms},
  booktitle = {Proocedings of ICASSP 2010},
  year      = {2010},
  owner     = {marco},
  quality   = {1},
  timestamp = {2013.07.24},
}

@Article{Roy1989,
  author    = {R. Roy and T. Kailath},
  title     = {{ESPRIT} - Estimation of Signal Parameters Via Rotation Invariance Techniques},
  journal   = {IEEE Transactions on Acoustics Speech and Signal Processing},
  year      = {1989},
  volume    = {17},
  owner     = {Marcoo},
  timestamp = {2012.12.12},
}

@Article{RTCA2001,
  author        = {RTCA},
  title         = {Minimum Operational Performance Standards (mops) for Global Positioning ({GPS})/wide Area Augmentation System (waas) Airborne Equipment},
  journal       = {DO-229C},
  year          = {2001},
  __markedentry = {[Marcoo:6]},
  owner         = {Marcoo},
  timestamp     = {2012.12.12},
}

@Article{RTCA1995,
  author        = {RTCA},
  title         = {Minimum Operational Performance Standards for Global Navigation Satellite System ({GNSS}) Airborne Antenna Equipment},
  journal       = {DO-228},
  year          = {1995},
  __markedentry = {[Marcoo:6]},
  owner         = {Marcoo},
  timestamp     = {2012.12.12},
}

@Article{RTCA1991,
  author        = {RTCA},
  title         = {Minimum Operational Performance Standards for Supplemental Airborne Navigational Equipment Using Global Positioning System ({GPS})},
  journal       = {DO-208},
  year          = {1991},
  __markedentry = {[Marcoo:6]},
  owner         = {Marcoo},
  timestamp     = {2012.12.12},
}

@InProceedings{sae2012biometric,
  author       = {Sae-Bae, Napa and Ahmed, Kowsar and Isbister, Katherine and Memon, Nasir},
  title        = {Biometric-rich Gestures: A Novel Approach to Authentication on Multi-touch Devices},
  booktitle    = {Proceedings of the 2012 ACM annual conference on human factors in computing systems},
  year         = {2012},
  pages        = {977--986},
  organization = {ACM},
  owner        = {marco},
  timestamp    = {2014.03.25},
}

@InProceedings{saevanee2008user,
  author       = {Saevanee, Hataichanok and Bhatarakosol, Pattarasinee},
  title        = {User Authentication Using Combination of Behavioral Biometrics Over the Touchpad Acting like Touch Screen of Mobile Device},
  booktitle    = {Computer and Electrical Engineering, 2008. ICCEE 2008. International Conference on},
  year         = {2008},
  pages        = {82--86},
  organization = {IEEE},
  owner        = {marco},
  timestamp    = {2014.03.25},
}

@InProceedings{schulz2006mouse,
  author       = {Schulz, Douglas A},
  title        = {Mouse Curve Biometrics},
  booktitle    = {Biometric Consortium Conference, 2006 Biometrics Symposium: Special Session on Research at the},
  year         = {2006},
  pages        = {1--6},
  organization = {IEEE},
  owner        = {marco},
  timestamp    = {2014.03.31},
}

@InCollection{Seco2000,
  author        = {G. Seco and A. L. Swindlehurst and D. Astely},
  title         = {Exploiting Antenna Arrays for Synchronization},
  booktitle     = {{Signal Processing Advances in Wireless and Mobile Communications, Volume 2: Trends in Single- and Multi-User Systems}},
  publisher     = {Prentice-Hall},
  year          = {2000},
  editor        = {G. B. Giannakis and P. Stoica and Y. Hua and L. Tong},
  pages         = {403--430},
  __markedentry = {[Marcoo:6]},
  owner         = {Marcoo},
  timestamp     = {2012.12.12},
}

@PhdThesis{Seco-Granados2000,
  author        = {G. Seco-Granados},
  title         = {Antenna Arrays for Multipath and Interference Mitigation in {GNSS} Receivers},
  school        = {Department of Signal Signal Theory and Communications, Universitat Polit\`ecnica de Catalunya, Spain},
  year          = {2000},
  __markedentry = {[Marcoo:6]},
  owner         = {Marcoo},
  timestamp     = {2012.12.12},
}

@Article{Seco-Granados2005,
  author        = {G. Seco-Granados and J. A. Fern\'andez-Rubio and C. Fern\'andez-Prades},
  title         = {Ml Estimator and Hybrid Beamformer for Multipath and Interference Mitigation in {GNSS} Receivers},
  journal       = {IEEE Transactions on Signal Processing},
  year          = {2005},
  volume        = {53},
  number        = {3},
  month         = mar,
  __markedentry = {[Marcoo:6]},
  owner         = {Marcoo},
  timestamp     = {2012.12.12},
}

@Article{Selva-Vera2005,
  author        = {J. Selva-Vera},
  title         = {An Efficient {Newton}-type Method for the Computation of {ML} Estimators in a Uniform Linear Array},
  journal       = {IEEE Transactions on Signal Processing},
  year          = {2005},
  volume        = {53},
  number        = {6},
  month         = jun,
  __markedentry = {[Marcoo:6]},
  owner         = {Marcoo},
  timestamp     = {2012.12.12},
}

@PhdThesis{Selva-Vera2004,
  author        = {J. Selva-Vera},
  title         = {Efficient Multipath Mitigation in Navigation Systems},
  school        = {Department of Signal Signal Theory and Communications, Universitat Polit\`ecnica de Catalunya, Spain},
  year          = {2004},
  __markedentry = {[Marcoo:6]},
  owner         = {Marcoo},
  timestamp     = {2012.12.12},
}

@InProceedings{Selva-Vera1999,
  author        = {J. Selva-Vera},
  title         = {Subspace Methods to Multipath Mitigation in a Navigation Receiver},
  booktitle     = {Proceedings of the IEEE Vehicular Technology Conference (VTC)},
  year          = {1999},
  __markedentry = {[Marcoo:6]},
  owner         = {Marcoo},
  timestamp     = {2012.12.12},
}

@Article{Seol2008,
  author        = {Changkyu Seol and Kyungwhoon Cheun},
  title         = {A Low Complexity Euclidean Norm Approximation},
  journal       = {IEEE Transactions on Signal Processing},
  year          = {2008},
  volume        = {56},
  number        = {4},
  pages         = {1721--1726},
  month         = apr,
  issn          = {1053-587X},
  __markedentry = {[Marcoo:6]},
  doi           = {10.1109/TSP.2007.909354},
  keywords      = {Euclidean norm approximation;infinity norm;signal processing;approximation theory;signal processing;},
  owner         = {Marcoo},
  timestamp     = {2012.12.12},
}

@Article{Shan1985,
  author        = {T. J. Shan and M. Wax and T Kailath},
  title         = {Spatial Smoothing Approach for Location Estimation of Coherent Sources},
  journal       = {IEEE Transactions on Acoustics, Speech and Signal Processing},
  year          = {1985},
  volume        = {33},
  pages         = {806--811},
  month         = aug,
  __markedentry = {[Marcoo:6]},
  owner         = {Marcoo},
  timestamp     = {2012.12.12},
}

@Article{Sheinvald1996,
  author        = {J. Sheinvald and M. Wax and A. Weiss},
  title         = {On Maximum-likelihood Localization of Coherent Signals},
  journal       = {IEEE Transactions on Signal Processing},
  year          = {1996},
  volume        = {44},
  number        = {10},
  month         = oct,
  __markedentry = {[Marcoo:6]},
  owner         = {Marcoo},
  timestamp     = {2012.12.12},
}

@Article{Shelton1970,
  author        = {R. D. Shelton and A. F. Adkins},
  title         = {Noise Bandwidth of Common Filters},
  journal       = {IEEE Transactions on Communication Technology},
  year          = {1970},
  __markedentry = {[Marcoo:6]},
  owner         = {Marcoo},
  timestamp     = {2012.12.12},
}

@InProceedings{shen2004performance,
  author       = {Shen, C. and Zhu, Y. and Zhou, S. and Jiang, J.},
  title        = {On the Performance of {V-BLAST} with Zero-forcing Successive Interference Cancellation Receiver},
  booktitle    = {Global Telecommunications Conference, 2004. GLOBECOM'04. IEEE},
  year         = {2004},
  volume       = {5},
  pages        = {2818--2822},
  organization = {IEEE},
  owner        = {marco},
  timestamp    = {2015.06.10},
}

@Conference{Shih2001,
  author    = {E. Shih and B. H. Calhoun and S.H. Cho and A. P. Chandrakasan},
  title     = {Energy-efficient Link Layer for Wireless Microsensor Networks},
  booktitle = {VLSI, 2001. Proceedings. IEEE Computer Society Workshop on},
  year      = {2001},
  owner     = {Marcoo},
  timestamp = {2012.12.06},
}

@Conference{Shih2001a,
  author    = {E. Shih and S. Cho and N. Ickes and R. Min and A. Sinha and A. Wang, A. Chandrakasan},
  title     = {Physical Layer Driven Protocol and Algorithm Design for Energy-efficient Wireless Sensor Networks},
  booktitle = {Proceedings of ACM MobiCom01},
  year      = {2001},
  owner     = {Marcoo},
  timestamp = {2012.12.06},
}

@InProceedings{shnayder2004simulating,
  author       = {Shnayder, V. and Hempstead, M. and Chen, B. and Allen, G. W. and Welsh, M.},
  title        = {Simulating the Power Consumption of Large-scale Sensor Network Applications},
  booktitle    = {Proceedings of the 2nd international conference on Embedded networked sensor systems},
  year         = {2004},
  pages        = {188--200},
  organization = {ACM},
  owner        = {marco},
  timestamp    = {2015.06.24},
}

@Article{Shuster2001,
  author    = {Shuster, M. D.},
  title     = {Maximum Likelihood Estimation of Spacecraft Attitude},
  journal   = {The Journal of the Astronautical Sciences},
  year      = {2001},
  volume    = {108},
  pages     = {2089--2117},
  owner     = {Marco},
  timestamp = {2012.12.17},
}

@Article{Shuster1981,
  author    = {Shuster, M. D.},
  title     = {Three-axis Attitude Determination from Vector Observations},
  journal   = {Journal of Guidance and Control},
  year      = {1981},
  volume    = {4},
  pages     = {79--88},
  owner     = {Marco},
  timestamp = {2012.12.17},
}

@Conference{Shuster1978,
  author    = {Shuster, M. D.},
  title     = {Approximate Algorithms for Fast Optimal Attitude Computation},
  booktitle = {Proceedings, AIAA Guidance and Control Conference},
  year      = {1978},
  owner     = {Marco},
  timestamp = {2012.12.17},
}

@TechReport{Siam2008,
  author    = {Mohammad Z. Siam and Marwan Krunz and Ossama Younis},
  title     = {Energy-efficient Clustering/routing for Cooperative {MIMO} Operation in Sensor Networks},
  year      = {2008},
  owner     = {Marco},
  school    = {University of Arizona},
  timestamp = {2013.01.20},
}

@Article{sidiropoulos2000parallel,
  author    = {Sidiropoulos, Nicholas D and Bro, Rasmus and Giannakis, Georgios B},
  title     = {Parallel Factor Analysis in Sensor Array Processing},
  journal   = {Signal Processing, IEEE Transactions on},
  year      = {2000},
  volume    = {48},
  number    = {8},
  pages     = {2377--2388},
  owner     = {marco},
  publisher = {IEEE},
  timestamp = {2015.01.22},
}

@Conference{Sitzmann1994,
  author       = {G. L. Sitzmann and G. H. Drescher},
  title        = {Tactical Ballistic Missiles Trajectory State and Error Covariance Propagation},
  booktitle    = {IEEE Position Location and Navigation Symposium},
  year         = {1994},
  pages        = {839--844},
  address      = {Las Vegas, NV, USA},
  month        = apr,
  organization = {IEEE},
  owner        = {Marco},
  timestamp    = {2012.10.23},
}

@Book{Skolnik1991,
  title     = {Radar Handbook: Second Edition},
  publisher = {McGraw-Hill},
  year      = {1991},
  author    = {M. Skolnik},
  owner     = {Marcoo},
  timestamp = {2012.12.11},
}

@Article{Slepian1961,
  author        = {D. Slepian and H. O. Pollak},
  title         = {Prolate Spheroidal Wave Functions, {Fourier} Analysis and Uncertainty- I},
  journal       = {Bell Systems Technology Journal},
  year          = {1961},
  volume        = {40},
  number        = {1},
  __markedentry = {[Marcoo:6]},
  owner         = {Marcoo},
  timestamp     = {2012.12.12},
}

@Article{soltane2010face,
  author    = {Soltane, Mohamed and Doghmane, Noureddine and Guersi, Noureddine},
  title     = {Face and Speech Based Multi-modal Biometric Authentication.},
  journal   = {International Journal of Advanced Science \& Technology},
  year      = {2010},
  volume    = {21},
  owner     = {marco},
  timestamp = {2014.04.15},
}

@Article{Soubielle2002,
  author        = {J. Soubielle and I. Fijalkow and P. Duvaut and A. Bibaut},
  title         = {Gps Positioning in a Multipath Environment},
  journal       = {IEEE Transactions on Signal Processing},
  year          = {2002},
  volume        = {50},
  number        = {1},
  month         = jan,
  __markedentry = {[Marcoo:6]},
  owner         = {Marcoo},
  timestamp     = {2012.12.12},
}

@Article{specht1991general,
  author    = {Specht, Donald F},
  title     = {A General Regression Neural Network},
  journal   = {IEEE transactions on neural networks},
  year      = {1991},
  volume    = {2},
  number    = {6},
  pages     = {568--576},
  owner     = {marco},
  publisher = {IEEE},
  timestamp = {2016.09.08},
}

@TechReport{Spinell2003,
  author    = {Edmund Spinella},
  title     = {Biometric Scanning Technologies: Finger, Facial and Retinal Scanning},
  year      = {2003},
  owner     = {marco},
  school    = {SANS Institute},
  timestamp = {2014.03.26},
}

@Article{Stoica1995,
  author        = {P. Stoica and M. Cedervall},
  title         = {On Lp-music},
  journal       = {IEEE Transactions on Signal Processing},
  year          = {1995},
  volume        = {43},
  number        = {2},
  month         = feb,
  __markedentry = {[Marcoo:6]},
  owner         = {Marcoo},
  timestamp     = {2012.12.12},
}

@Conference{Stoica1990a,
  author    = {P. Stoica and A. Nehorai},
  title     = {A Novel Eigenanalysis Method for Direction Estimation},
  booktitle = {Proceedings IEEE F.},
  year      = {1990},
  owner     = {marco},
  quality   = {1},
  timestamp = {2013.07.24},
}

@Article{Stoica1989,
  author        = {P. Stoica and A. Nehoria},
  title         = {Music, Maximum Likelihood, and Cramer-{Rao} Bound},
  journal       = {IEEE Transactions on Acoustics, Speech, and Signal Processing},
  year          = {1989},
  volume        = {37},
  number        = {5},
  month         = may,
  __markedentry = {[Marcoo:6]},
  owner         = {Marcoo},
  timestamp     = {2012.12.12},
}

@Article{Stoica1989a,
  author        = {P. Stoica and T. S\"oderstr\"om},
  title         = {On Reparametrization of Loss Functions Used in Estimation and the Invariance Principle},
  journal       = {Signal Processing},
  year          = {1989},
  volume        = {17, pp. 383-387},
  month         = aug,
  __markedentry = {[Marcoo:6]},
  owner         = {Marcoo},
  timestamp     = {2012.12.12},
}

@Article{Stoica1990,
  author        = {P. Stoica and K. Sharman},
  title         = {Maximum Likelihood Methods for Direction-of-arrival Estimation},
  journal       = {IEEE Transactions on Acoustics, Speech, and Signal Processing},
  year          = {1990},
  volume        = {38},
  number        = {7},
  month         = jul,
  __markedentry = {[Marcoo:6]},
  owner         = {Marcoo},
  timestamp     = {2012.12.12},
}

@Article{Sun2003,
  author        = {F.-W. Sun and J. S. Baras},
  title         = {On the Convergence of the Inverses of {Toeplitz} Matrices and Its Applications},
  journal       = {IEEE Transactions on Information Theory},
  year          = {2003},
  volume        = {49},
  number        = {1},
  month         = jan,
  __markedentry = {[Marcoo:6]},
  owner         = {Marcoo},
  timestamp     = {2012.12.12},
}

@Article{swaroop1999constant,
  author    = {Swaroop, D. V. A. H. G. and Hedrick, J. K.},
  title     = {Constant Spacing Strategies for Platooning in Automated Highway Systems},
  journal   = {Journal of dynamic systems, measurement, and control},
  year      = {1999},
  volume    = {121},
  number    = {3},
  pages     = {462--470},
  owner     = {marco},
  publisher = {American Society of Mechanical Engineers},
  timestamp = {2017.01.13},
}

@Article{Swindlehurst1998,
  author        = {A. L. Swindlehurst},
  title         = {Time Delay and Spatial Signature Estimation Using Known Asynchronous Signals},
  journal       = {IEEE Transactions on Signal Processing},
  year          = {1998},
  volume        = {46},
  number        = {2},
  month         = feb,
  __markedentry = {[Marcoo:6]},
  owner         = {Marcoo},
  timestamp     = {2012.12.12},
}

@Article{Swindlehurst1993,
  author        = {A. L. Swindlehurst and T. Kailath},
  title         = {A Performance Analysis of Subspace-based Methods in Presence of Model Errors: Part I - the Music Algorithm},
  journal       = {IEEE Transactions on Signal Processing},
  year          = {1993},
  volume        = {41},
  number        = {9},
  month         = sep,
  __markedentry = {[Marcoo:6]},
  owner         = {Marcoo},
  timestamp     = {2012.12.12},
}

@Article{Swindlehurst1998a,
  author        = {A. L. Swindlehurst and P. Stoica},
  title         = {Maximum Likelihood Methods in Radar Array Signal Processing},
  journal       = {Proceedings of the IEEE},
  year          = {1998},
  volume        = {86},
  number        = {2},
  month         = feb,
  __markedentry = {[Marcoo:6]},
  owner         = {Marcoo},
  timestamp     = {2012.12.12},
}

@Article{taherkordi2006dependability,
  author    = {Taherkordi, Amirhosein and Taleghan, Majid Alkaee and Sharifi, Mohsen},
  title     = {Dependability Considerations in Wireless Sensor Networks Applications},
  journal   = {Journal of Networks},
  year      = {2006},
  volume    = {1},
  number    = {6},
  pages     = {28--35},
  owner     = {marco},
  timestamp = {2014.12.04},
}

@Article{Tarokh1998,
  author    = {V. Tarokh and N. Seshadri and A.R. Calderbank},
  title     = {Space-time Codes for High Data Rate Wire-less Communication: Performance Criterion and Code Construction},
  journal   = {IEEE Transactions on Information Theory},
  year      = {1998},
  volume    = {44},
  pages     = {744--765},
  owner     = {Marco},
  timestamp = {2013.01.14},
}

@Book{Trees2002,
  title         = {Optimum Array Processing. Detection, Estimation and Modulation Theory, Part {IV}},
  publisher     = {Wiley Interscience},
  year          = {2002},
  author        = {Harry L.~Van~Trees},
  __markedentry = {[Marcoo:6]},
  owner         = {Marcoo},
  timestamp     = {2012.12.12},
}

@MastersThesis{Trepkowski,
  author    = {R. Trepkowski},
  title     = {Channel Estimation Strategies for Coded {MIMO} Systems},
  school    = {Virginia Polytechnic Institute and State University},
  owner     = {Marcoo},
  timestamp = {2012.12.06},
}

@PhdThesis{Tschudin1999,
  author        = {M. Tschudin},
  title         = {Analyse Und Vergleich Von Hochaufloesenden Verfahren Zur Funkkanalparameterschaetzung},
  school        = {ETH Zuerich, Switzerland},
  year          = {1999},
  __markedentry = {[Marcoo:6]},
  owner         = {Marcoo},
  timestamp     = {2012.12.12},
}

@InProceedings{Tschudin1999a,
  author        = {M. Tschudin and C. Brunner and T. Krupjuhn and M. Haardt and J. A. Nossek},
  title         = {Comparison between Unitary {ESPRIT} and Sage for {3-D} Channel Sounding},
  booktitle     = {Proceedings of the IEEE Vehicular Technology Conference (VTC)},
  year          = {1999},
  __markedentry = {[Marcoo:6]},
  owner         = {Marcoo},
  timestamp     = {2012.12.12},
}

@Book{tse2005fundamentals,
  title     = {Fundamentals of Wireless Communication},
  publisher = {Cambridge university press},
  year      = {2005},
  author    = {Tse, D. and Viswanath, P.},
  owner     = {marco},
  timestamp = {2015.07.13},
}

@Book{Tsui2000,
  title         = {Fundamentals of Global Positioning System Receivers. a Software Approach},
  publisher     = {John Willey \& Sons, Inc.},
  year          = {2000},
  author        = {James Bao-Yen Tsui},
  __markedentry = {[Marcoo:6]},
  owner         = {Marcoo},
  timestamp     = {2012.12.12},
}

@InProceedings{turk1991face,
  author       = {Turk, Matthew A and Pentland, Alex P},
  title        = {Face Recognition Using Eigenfaces},
  booktitle    = {Computer Vision and Pattern Recognition, 1991. Proceedings CVPR'91., IEEE Computer Society Conference on},
  year         = {1991},
  pages        = {586--591},
  organization = {IEEE},
  owner        = {marco},
  timestamp    = {2014.04.08},
}

@Article{Veen1998,
  author        = {A. J. van der Veen and M. C. Vanderveen and A. Paulraj},
  title         = {Joint Angle and Delay Estimation Using Shift-invariance Techniques},
  journal       = {IEEE Transactions on Signal Processing},
  year          = {1998},
  volume        = {46},
  number        = {2},
  month         = feb,
  __markedentry = {[Marcoo:6]},
  owner         = {Marcoo},
  timestamp     = {2012.12.12},
}

@Article{Viberg1991a,
  author        = {M. Viberg and B. Ottersten},
  title         = {Sensor Array Processing Based on Subspace Fitting},
  journal       = {IEEE Transactions on Signal Processing},
  year          = {1991},
  volume        = {39},
  number        = {5},
  month         = may,
  __markedentry = {[Marcoo:6]},
  owner         = {Marcoo},
  timestamp     = {2012.12.12},
}

@Article{Viberg1991,
  author        = {M. Viberg and B. Ottersten and T. Kailath},
  title         = {Detection and Estimation in Sensor Arrays Using Weighted Subspace Fitting},
  journal       = {IEEE Transactions on Signal Processing},
  year          = {1991},
  volume        = {39},
  number        = {11},
  month         = nov,
  __markedentry = {[Marcoo:6]},
  owner         = {Marcoo},
  timestamp     = {2012.12.12},
}

@Article{Viberg1994,
  author        = {M. Viberg and A. L. Swindlehurst},
  title         = {Analysis of the Combined Effects of Finite Samples and Model Errors on Array Processing Performance},
  journal       = {IEEE Transactions on Signal Processing},
  year          = {1994},
  volume        = {42},
  number        = {12},
  month         = dec,
  __markedentry = {[Marcoo:6]},
  owner         = {Marcoo},
  timestamp     = {2012.12.12},
}

@Article{Viberg1994a,
  author        = {M. Viberg and A. L. Swindlehurst},
  title         = {A Baysian Approach to Auto-calibration for Parametric Array Sigal Processing},
  journal       = {IEEE Transactions on Signal Processing},
  year          = {1994},
  volume        = {42},
  number        = {12},
  month         = dec,
  __markedentry = {[Marcoo:6]},
  owner         = {Marcoo},
  timestamp     = {2012.12.12},
}

@Conference{Vidmar2006,
  author    = {M. Vidmar},
  title     = {A Landing Radio Altimeter for Small Aircraft},
  booktitle = {12th International Power Electronics and Motion Control Conference},
  year      = {2006},
  owner     = {Marcoo},
  timestamp = {2012.12.11},
}

@Article{VITERBI1967,
  author    = {Andrew J. Viterbi},
  title     = {Error Bounds for Convolutional Codes and an Asymptotically Optimum Decoding Algorithm},
  journal   = {IEEE Transactions on Information Theory},
  year      = {1967},
  volume    = {13},
  pages     = {260--269},
  owner     = {Marcoo},
  timestamp = {2012.12.06},
}

@Article{wang2010cooperative,
  author    = {Wang, Cheng-Xiang and Hong, Xuemin and Ge, Xiaohu and Cheng, Xiang and Zhang, Gong and Thompson, John},
  title     = {Cooperative {MIMO} Channel Models: A Survey},
  journal   = {Communications Magazine, IEEE},
  year      = {2010},
  volume    = {48},
  number    = {2},
  pages     = {80--87},
  owner     = {marco},
  publisher = {IEEE},
  timestamp = {2014.11.15},
}

@Article{Wang2001,
  author        = {Y. Wang and J. Chen and W. Fang},
  title         = {Tst-music for Joint {DOA}-delay Estimation},
  journal       = {IEEE Transactions on Signal Processing},
  year          = {2001},
  volume        = {46},
  number        = {4},
  month         = apr,
  __markedentry = {[Marcoo:6]},
  owner         = {Marcoo},
  timestamp     = {2012.12.12},
}

@Article{Wax1985,
  author    = {M. Wax and T. Kailath},
  title     = {Detection of Signals by Information by Information Theoric Criteria},
  journal   = {IEEE Transactions on Acoustics Speech and Signal Processing},
  year      = {1985},
  volume    = {33},
  pages     = {387--392},
  owner     = {Marcoo},
  timestamp = {2012.12.12},
}

@InProceedings{Weill1995,
  author        = {L. Weill},
  title         = {Achieving Theoretical Accuracy Limits for Pseudoranging in the Presence of Multipath},
  booktitle     = {Proceedings of Institute of Navigation GPS},
  year          = {1995},
  address       = {Palms Springs, CA, USA},
  __markedentry = {[Marcoo:6]},
  owner         = {Marcoo},
  timestamp     = {2012.12.12},
}

@Conference{Weiser1994,
  author    = {M. Weiser and B. Welch and A. Demers and S. Shenker},
  title     = {Scheduling for Reduced {CPU} Energy},
  booktitle = {Proceedings of 1st USENIX Symposium on Operating System Design and Implementation},
  year      = {1994},
  pages     = {13--23},
  month     = nov,
  owner     = {Marco},
  timestamp = {2012.12.05},
}

@Conference{Weiss1991,
  author    = {Weiss, A. J. and Gavish, M.},
  title     = {The Interpolated {ESPRIT} Algorithm for Direction Finding},
  booktitle = {Electrical and Electronics Engineers in Israel, 1991. Proceedings., 17th Convention of},
  year      = {1991},
  owner     = {marco},
  quality   = {1},
  timestamp = {2013.08.11},
}

@Conference{Wener-Allen2005,
  author    = {G. Wener-Allen and G. Tewari and A. Patel and M. Welsh and R. Nagpal},
  title     = {Firefly Inspired Sensor Network Synchronicity with Realistic Radio Effects},
  booktitle = {Proceedings of the Third International Conference on Embedded Networked Sensor Systems (Sensys)},
  year      = {2005},
  owner     = {marco},
  timestamp = {2013.05.06},
}

@Article{White1989,
  author        = {D. R. White},
  title         = {The Noise Bandwidth of Sampled Data Systems},
  journal       = {IEEE Transactions on Instrumentation and Measurement},
  year          = {1989},
  volume        = {38},
  number        = {6},
  __markedentry = {[Marcoo:6]},
  owner         = {Marcoo},
  timestamp     = {2012.12.12},
}

@Article{Wiener1949,
  author    = {N. Wiener},
  title     = {Extrapolation, Interpolation and Smoothing of Stationary Time Series},
  journal   = {MIT Press},
  year      = {1949},
  owner     = {marco},
  quality   = {1},
  timestamp = {2013.12.02},
}

@PhdThesis{Winkel2000,
  author        = {J. O. Winkel},
  title         = {Modeling and Simulating {GNSS} Signal Structures and Receivers},
  school        = {Department of Civil Engineering and Surveying of University FAF Munich, Germany},
  year          = {2000},
  __markedentry = {[Marcoo:6]},
  owner         = {Marcoo},
  timestamp     = {2012.12.12},
}

@Conference{Wolniansky,
  author    = {P. W. Wolniansky and G. J. Foschini and G. D. Golden and R. A. Valenzuela},
  title     = {{V-BLAST}: An Architecture for Realizing Very High Data Rates Over the Rich-scattering Wireless Channel},
  booktitle = {Signals, Systems and Electronics},
  year      = {1998},
  owner     = {Marcoo},
  timestamp = {2012.12.06},
}

@Conference{Woo2003,
  author    = {Woo, A. and Tong, T. and Culler, D},
  title     = {Taming the Underlying Challenges of Reliable Multihop Routing in Sensor Networks},
  booktitle = {Proc. ACM SenSys 2003},
  year      = {2003},
  owner     = {Marco},
  timestamp = {2012.12.08},
}

@InProceedings{Xiaofu2002,
  author        = {W. Xiaofu and L. Cong and X. Haige},
  title         = {Despreading Chip Waveform Desingn for Coherent Delay-locked Tracking in {DS}/ss Systems},
  booktitle     = {Proceedings of the IEEE International Conference of Communication},
  year          = {2002},
  address       = {New York},
  __markedentry = {[Marcoo:6]},
  owner         = {Marcoo},
  timestamp     = {2012.12.12},
}

@Article{xu2006performance,
  author    = {Xu, R. and Lau, F. C. M.},
  title     = {Performance Analysis for {MIMO} Systems Using Zero Forcing Detector Over Fading Channels},
  journal   = {IEE Proceedings-Communications},
  year      = {2006},
  volume    = {153},
  number    = {1},
  pages     = {74--80},
  owner     = {marco},
  publisher = {IET},
  timestamp = {2015.06.10},
}

@InProceedings{xu2013joint,
  author       = {Xu, Ying and Luo, Fei and Zhai, Yi-Kui and Gan, Jun-Ying},
  title        = {Joint Iris and Facial Recognition Based on Feature Fusion and Biomimetic Pattern Recognition},
  booktitle    = {Wavelet Analysis and Pattern Recognition (ICWAPR), 2013 International Conference on},
  year         = {2013},
  pages        = {202--208},
  organization = {IEEE},
  owner        = {marco},
  timestamp    = {2014.03.25},
}

@Article{Yau1992,
  author        = {S. F. Yau and Y. Bresler},
  title         = {A Compact Cramer-{Rao} Bound Expression for Parametric Estimation of Superimposed Signals},
  journal       = {IEEE Transactions on Signal Processing},
  year          = {1992},
  volume        = {40},
  number        = {5},
  month         = may,
  __markedentry = {[Marcoo:6]},
  owner         = {Marcoo},
  timestamp     = {2012.12.12},
}

@Article{yousafzai2003proposed,
  author    = {Yousafzai, Shumaila Y and Pallister, John G and Foxall, Gordon R},
  title     = {A Proposed Model of E-trust for Electronic Banking},
  journal   = {Technovation},
  year      = {2003},
  volume    = {23},
  number    = {11},
  pages     = {847--860},
  owner     = {marco},
  publisher = {Elsevier},
  timestamp = {2014.03.25},
}

@Article{zanella2005mmse,
  author    = {Zanella, A. and Chiani, M. and Win, M. Z.},
  title     = {{MMSE} Reception and Successive Interference Cancellation for {MIMO} Systems with High Spectral Efficiency},
  journal   = {Wireless Communications, IEEE Transactions on},
  year      = {2005},
  volume    = {4},
  number    = {3},
  pages     = {1244--1253},
  owner     = {marco},
  publisher = {IEEE},
  timestamp = {2015.06.10},
}

@Article{Zeira1996,
  author        = {A. Zeira and B. Friedlander},
  title         = {Direction of Arrival Estimation Using Parametric Signal Models},
  journal       = {IEEE Transactions on Signal Processing},
  year          = {1996},
  volume        = {44},
  number        = {2},
  month         = feb,
  __markedentry = {[Marcoo:6]},
  owner         = {Marcoo},
  timestamp     = {2012.12.12},
}

@InProceedings{zhang2009overview,
  author       = {Zhang, Haijun and Huang, Zengxi and Li, Yibo},
  title        = {An Overview of Multi-modal Biometrics Based on Face and Ear},
  booktitle    = {Automation and Logistics, 2009. ICAL'09. IEEE International Conference on},
  year         = {2009},
  pages        = {1705--1709},
  organization = {IEEE},
  owner        = {marco},
  timestamp    = {2014.03.25},
}

@Book{Zhang1996,
  title         = {Computation of Special Functions},
  publisher     = {John Willey \& Sons, Inc.},
  year          = {1996},
  author        = {S. Zhang and J. M. Jin},
  __markedentry = {[Marcoo:6]},
  owner         = {Marcoo},
  timestamp     = {2012.12.12},
}

@Article{Zhang2003,
  author    = {X. Zhang and S. Kung},
  title     = {Capacity Analysis for Parallel and Sequential {MIMO} Equalizers},
  journal   = {IEEE Transactions on Signal Processing},
  year      = {2003},
  volume    = {51},
  pages     = {2989--3002},
  owner     = {Marco},
  timestamp = {2013.01.14},
}

@Conference{Zhao2007,
  author    = {M. Zhao and M. Ma and Y. Yang},
  title     = {Mobile Data Gathering with Multiuser {MIMO} Technique in Wireless Sensor Networks},
  booktitle = {Proc. IEEE GLOBECOM 2007},
  year      = {2007},
  owner     = {Marcoo},
  timestamp = {2012.12.09},
}

@InProceedings{zheng2011efficient,
  author       = {Zheng, Nan and Paloski, Aaron and Wang, Haining},
  title        = {An Efficient User Verification System Via Mouse Movements},
  booktitle    = {Proceedings of the 18th ACM conference on Computer and communications security},
  year         = {2011},
  pages        = {139--150},
  organization = {ACM},
  owner        = {marco},
  timestamp    = {2014.03.25},
}

@Article{zhu2002performance,
  author    = {Zhu, X. and Murch, R. D.},
  title     = {Performance Analysis of Maximum Likelihood Detection in a {MIMO} Antenna System},
  journal   = {Communications, IEEE Transactions on},
  year      = {2002},
  volume    = {50},
  number    = {2},
  pages     = {187--191},
  owner     = {marco},
  publisher = {IEEE},
  timestamp = {2015.06.10},
}

@Article{zongjian2008uav,
  author    = {Zongjian, LIN},
  title     = {{UAV} for Mapping---low Altitude Photogrammetric Survey},
  journal   = {International Archives of Photogrammetry and Remote Sensing, Beijing, China},
  year      = {2008},
  owner     = {marco},
  timestamp = {2014.12.04},
}

@Book{Parkinson1996,
  title         = {Global Positioning System: Theory and Applications},
  publisher     = {Progress in Astronautics and Aeronautics},
  year          = {1996},
  editor        = {B. W. Parkinson and J. J. Spilker},
  volume        = {1},
  __markedentry = {[Marcoo:6]},
  owner         = {Marcoo},
  timestamp     = {2012.12.12},
}

@Book{Zhang2005,
  title         = {The Schur Complement and Its Applications},
  publisher     = {Springer Science and Business+Media Inc.},
  year          = {2005},
  editor        = {F. Zhang},
  __markedentry = {[Marcoo:6]},
  owner         = {Marcoo},
  timestamp     = {2012.12.12},
}

@Electronic{harvardMica22014,
  month     = dec,
  year      = {2014},
  title     = {Harvard Mica2 Mote Power Consumption Specifications},
  url       = {http://www.eecs.harvard.edu/~shnayder/ptossim/mica2bench/summary.html},
  owner     = {marco},
  timestamp = {2014.12.18},
}

@Electronic{Nilsen2013,
  month        = sep,
  year         = {2013},
  title        = {Smartphone Switch: Three-fourths of Recent Acquirers Chose Smartphones},
  organization = {Nilsen},
  url          = {http://www.nielsen.com/us/en/newswire/2013/smartphone-switch--three-fourths-of-recent-acquirers-chose-smart.html},
  owner        = {marco},
  timestamp    = {2014.04.07},
}

@Article{larsson2014massive,
  author    = {Larsson, Erik G and Edfors, Ove and Tufvesson, Fredrik and Marzetta, Thomas L},
  title     = {Massive {MIMO} for Next Generation Wireless Systems},
  journal   = {IEEE Communications Magazine},
  year      = {2014},
  volume    = {52},
  number    = {2},
  pages     = {186--195},
  publisher = {IEEE},
}

@Article{virtanen2007monaural,
  author    = {Virtanen, T.},
  title     = {Monaural Sound Source Separation by Nonnegative Matrix Factorization with Temporal Continuity and Sparseness Criteria},
  journal   = {IEEE transactions on audio, speech, and language processing},
  year      = {2007},
  volume    = {15},
  number    = {3},
  pages     = {1066--1074},
  publisher = {IEEE},
}

@InProceedings{marinho2016adaptive,
  author    = {Marinho, M. A. M. and da Costa, J. P. C. L. and Antreich, F. and de Freitas, E. P. and Vinel, A.},
  title     = {Adaptive Communication and Cooperative {MIMO} Cluster Formation for Improved Lifetime in Wireless Sensor Networks},
  booktitle = {2016 IEEE International Conference on Wireless for Space and Extreme Environments (WiSEE), Aachen, Germany, September 26-29, 2016},
  year      = {2016},
}

@InProceedings{maranhao2016multi,
  author       = {Maranh{\~{a}}o, J. P. A. and da Costa, J. P. C. L. and de Freitas, E. P. and Marinho, M. A. M. and Del Galdo, G.},
  title        = {Multi-hop Cooperative {XIXO} Transmission Scheme for Delay Tolerant Wireless Sensor Networks},
  booktitle    = {Smart Antennas (WSA 2016); Proceedings of the 20th International ITG Workshop on},
  year         = {2016},
  pages        = {1--5},
  organization = {VDE},
}

@Article{caizzone2017direction,
  author  = {Caizzone, S. and Elmarissi, W. and Marinho, M. A. M. and Antreich, F.},
  title   = {Direction of Arrival Estimation Performance for Compact Antenna Arrays with Adjustable Size},
  journal = {The IEEE International Microwave Symposium (IMS2017)},
  year    = {2017},
}

@InCollection{ottersten1993exact,
  author    = {Ottersten, B. and Viberg, M. and Stoica, P. and Nehorai, A.},
  title     = {Exact and Large Sample Maximum Likelihood Techniques for Parameter Estimation and Detection in Array Processing},
  booktitle = {Radar array processing},
  publisher = {Springer},
  year      = {1993},
  pages     = {99--151},
}

@Article{erman2008enabling,
  author    = {Erman, Aysegul Tuysuz and van Hoesel, Lodewijk and Havinga, Paul and Wu, Jian},
  title     = {Enabling Mobility in Heterogeneous Wireless Sensor Networks Cooperating with Uavs for Mission-critical Management},
  journal   = {IEEE Wireless Communications},
  year      = {2008},
  volume    = {15},
  number    = {6},
  pages     = {38--46},
  publisher = {IEEE},
}

@Article{wu2011clock,
  author    = {Wu, Yik-Chung and Chaudhari, Qasim and Serpedin, Erchin},
  title     = {Clock Synchronization of Wireless Sensor Networks},
  journal   = {IEEE Signal Processing Magazine},
  year      = {2011},
  volume    = {28},
  number    = {1},
  pages     = {124--138},
  publisher = {IEEE},
}

@Article{mao2007wireless,
  author    = {Mao, Guoqiang and Fidan, Bar{\i}{\c{s}} and Anderson, Brian DO},
  title     = {Wireless Sensor Network Localization Techniques},
  journal   = {Computer networks},
  year      = {2007},
  volume    = {51},
  number    = {10},
  pages     = {2529--2553},
  publisher = {Elsevier},
}

@Article{zhang2010class,
  author    = {Zhang, Lei and Liu, Wei and Langley, Richard J},
  title     = {A Class of Constrained Adaptive Beamforming Algorithms Based on Uniform Linear Arrays},
  journal   = {IEEE Transactions on Signal Processing},
  year      = {2010},
  volume    = {58},
  number    = {7},
  pages     = {3916--3922},
  publisher = {IEEE},
}

@Article{zhang2012robust2,
  author    = {Zhang, Lei and Liu, Wei},
  title     = {Robust Forward Backward Based Beamformer for a General-rank Signal Model with Real-valued Implementation},
  journal   = {Signal Processing},
  year      = {2012},
  volume    = {92},
  number    = {1},
  pages     = {163--169},
  publisher = {Elsevier},
}

@Article{zhang2012robust,
  author    = {Zhang, Lei and Liu, Wei},
  title     = {Robust Beamforming for Coherent Signals Based on the Spatial-smoothing Technique},
  journal   = {Signal Processing},
  year      = {2012},
  volume    = {92},
  number    = {11},
  pages     = {2747--2758},
  publisher = {Elsevier},
}

@Article{hoeher1992statistical,
  author    = {Hoeher, P.},
  title     = {A Statistical Discrete-time Model for the Wssus Multipath Channel},
  journal   = {IEEE Transactions on vehicular technology},
  year      = {1992},
  volume    = {41},
  number    = {4},
  pages     = {461--468},
  publisher = {IEEE},
}

@InProceedings{gavrila2004vision,
  author       = {Gavrila, D. M. and Giebel, J. and Munder, S.},
  title        = {Vision-based Pedestrian Detection: The Protector System},
  booktitle    = {Intelligent Vehicles Symposium, 2004 IEEE},
  year         = {2004},
  pages        = {13--18},
  organization = {IEEE},
}

@Article{habibovic2011requirements,
  author    = {Habibovic, A. and Davidsson, J.},
  title     = {Requirements of a System to Reduce Car-to-vulnerable Road User Crashes in Urban Intersections},
  journal   = {Accident Analysis \& Prevention},
  year      = {2011},
  volume    = {43},
  number    = {4},
  pages     = {1570--1580},
  publisher = {Elsevier},
}

@Article{dollar2012pedestrian,
  author    = {Dollar, P. and Wojek, C. and Schiele, B. and Perona, P.},
  title     = {Pedestrian Detection: An Evaluation of the State of the Art},
  journal   = {IEEE transactions on pattern analysis and machine intelligence},
  year      = {2012},
  volume    = {34},
  number    = {4},
  pages     = {743--761},
  publisher = {IEEE},
}

@Article{geronimo2010survey,
  author    = {Geronimo, D.and Lopez, A. M. and Sappa, A. D. and Graf, T.},
  title     = {Survey of Pedestrian Detection for Advanced Driver Assistance Systems},
  journal   = {IEEE transactions on pattern analysis and machine intelligence},
  year      = {2010},
  volume    = {32},
  number    = {7},
  pages     = {1239--1258},
  publisher = {IEEE},
}

@Article{smith2013smartphone,
  author  = {Smith, Aaron},
  title   = {Smartphone Ownership--2013 Update},
  journal = {Pew Research Center: Washington DC},
  year    = {2013},
  volume  = {12},
  pages   = {2013},
}

@Article{cruz2017neighbor,
  author    = {Cruz, S. B. and Abrudan, T. E. and Xiao, Z. and Trigoni, N. and Barros, J.},
  title     = {Neighbor-aided Localization in Vehicular Networks},
  journal   = {IEEE Transactions on Intelligent Transportation Systems},
  year      = {2017},
  publisher = {IEEE},
}

@Article{lin2017localization,
  author    = {Lin, K. and Luo, J. and Hu, L. and Hossain, M. S. and Ghoneim, A.},
  title     = {Localization Based on Social Big Data Analysis in the Vehicular Networks},
  journal   = {IEEE Transactions on Industrial Informatics},
  year      = {2017},
  volume    = {13},
  number    = {4},
  pages     = {1932--1940},
  publisher = {IEEE},
}

@InProceedings{santos2016roadside,
  author       = {Santos, F. A. and Akabane, A. T. and Yokoyama, R. S. and Loureiro, A. A. F. and Villas, L. A},
  title        = {A Roadside Unit-based Localization Scheme to Improve Positioning for Vehicular Networks},
  booktitle    = {Vehicular Technology Conference (VTC-Fall), 2016 IEEE 84th},
  year         = {2016},
  pages        = {1--5},
  organization = {IEEE},
}

@InProceedings{triwinarko2017using,
  author       = {Triwinarko, A. and Dayoub, I. and Wikanta, P.},
  title        = {Using {MIMO} and Cross Layer Design for {VANETs}: A Review},
  booktitle    = {Signals and Systems (ICSigSys), 2017 International Conference on},
  year         = {2017},
  pages        = {13--18},
  organization = {IEEE},
}

@Article{kosmanos2016mimo,
  author    = {Kosmanos, D. and Prodromou, N. and Argyriou, A. and Maglaras, L. A. and Janicke, H.},
  title     = {{MIMO} Techniques for Jamming Threat Suppression in Vehicular Networks},
  journal   = {Mobile Information Systems},
  year      = {2016},
  volume    = {2016},
  publisher = {Hindawi Publishing Corporation},
}

@Article{khurana2017capacity,
  author  = {Khurana, M. and Ramakrishna, C. and Panda, S. N.},
  title   = {Capacity Enhancement Using {MU-MIMO} in Vehicular Ad Hoc Network},
  journal = {International Journal of Applied Engineering Research},
  year    = {2017},
  volume  = {12},
  number  = {16},
  pages   = {5872--5883},
}

@Article{marinho2018robust,
  author    = {Marinho, M. A. M. and Antreich, F. and Caizzone, S. and da Costa, J. P. C. L. and Vinel, A. and de Freitas, E. P.},
  title     = {Robust Nonlinear Array Interpolation for Direction of Arrival Estimation of Highly Correlated Signals},
  journal   = {Signal Processing},
  year      = {2018},
  volume    = {144},
  pages     = {19--28},
  publisher = {Elsevier},
}

@InProceedings{de2015practical,
  author       = {de Freitas, E. P. and Miranda, R. K. and Marinho, M. A. M. and da Costa, J. P. C. L. and Pereira, C. E.},
  title        = {A Practical Implementation of a Cooperative Antenna Array for Wireless Sensor Networks},
  booktitle    = {Conference on Smart Spaces},
  year         = {2015},
  pages        = {309--318},
  organization = {Springer},
}

@InProceedings{marinho2017antenna,
  author       = {Marinho, M. A. M. and Vinel, A. and Antreich, F. and da Costa, J. P. C. L. and de Freitas, E. P.},
  title        = {Antenna Array Based Localization Scheme for Vehicular Networks},
  booktitle    = {Computer and Information Technology (CIT), 2017 IEEE International Conference on},
  year         = {2017},
  pages        = {142--146},
  organization = {IEEE},
}

@Article{Barlett1948,
  author    = {M. S. Barlett},
  title     = {Smoothing Periodograms from Time Series with Continuous Spectra},
  journal   = {Nature},
  year      = {1948},
  volume    = {161},
  pages     = {686--687},
  owner     = {marco},
  quality   = {1},
  timestamp = {2013.08.11},
}

@InProceedings{bettstetter2002minimum,
  author       = {Bettstetter, C.},
  title        = {On the Minimum Node Degree and Connectivity of a Wireless Multihop Network},
  booktitle    = {Proceedings of the 3rd ACM international symposium on Mobile ad hoc networking \& computing},
  year         = {2002},
  pages        = {80--91},
  organization = {ACM},
  owner        = {marco},
  timestamp    = {2015.06.26},
}

@Article{de2007survey,
  author    = {De Souza, L. M. S. and Vogt, H. and Beigl, M.},
  title     = {A Survey on Fault Tolerance in Wireless Sensor Networks},
  journal   = {Interner Bericht. Fakult{\"a}t f{\"u}r Informatik, Universit{\"a}t Karlsruhe: Karlsruhe, Germany},
  year      = {2007},
  owner     = {marco},
  timestamp = {2015.07.24},
}

@Article{DelGaldo2004,
  author    = {Del Galdo, G. and Haardt, M. and Schneider, C.},
  title     = {Geometry-based Channel Modeling in {MIMO} Scenarios in Comparison with Channel Sounder Measurements},
  journal   = {Advances in Radio Science},
  year      = {2004},
  volume    = {2},
  pages     = {117--126},
  owner     = {Marcoo},
  timestamp = {2012.12.09},
}

@Article{G.2004,
  author    = {Del Galdo, G. and Haardt, M. and Schneider, C.},
  title     = {Geometry-based Channel Modeling in {MIMO} Scenarios in Comparison with Channel Sounder Measurements},
  journal   = {Advances in Radio Science},
  year      = {2004},
  volume    = {2},
  pages     = {117--126},
  owner     = {Marco},
  timestamp = {2013.01.21},
}

@Article{Haardt2004a,
  author    = {M. Haardt and R. S. Thoma and A. Richter,},
  title     = {Multidimensional High-resolution Parameter Estimation with Applications to Channel Sounding},
  journal   = {High-Resolution and Robust Signal Processing},
  year      = {2004},
  pages     = {255--338},
  owner     = {marco},
  quality   = {1},
  timestamp = {2013.09.13},
}

@Article{Ottersten,
  author    = {B. Ottersten and M. Viberg and P. Stoica and A. Nehorai},
  title     = {Exact and Large Sample {ML}, Techniques for Parameter Estimation and Detection in Array Processing},
  journal   = {RadarArray Processing},
  pages     = {99--151},
  owner     = {marco},
  quality   = {1},
  timestamp = {2013.11.20},
}

@Article{Schmidt1986,
  author    = {R. O. Schmidt},
  title     = {Multiple Emitter Location and Signal Parameter Estimation},
  journal   = {IEEE Transactions on Antennas and Propagation},
  year      = {1986},
  volume    = {34},
  pages     = {276--280},
  owner     = {Marcoo},
  timestamp = {2012.12.12},
}

@Article{Schmidt1986a,
  author        = {R. O. Schmidt},
  title         = {Multiple Emitter Location and Signal Parameter Estimation},
  journal       = {IEEE Transactions on Antennas and Propagation},
  year          = {1986},
  volume        = {34},
  number        = {3},
  month         = mar,
  __markedentry = {[Marcoo:6]},
  owner         = {Marcoo},
  timestamp     = {2012.12.12},
}

@Article{Souza2007,
  author    = {de Souza, L. M. S. and Vogt, H. and Beigl, M.},
  title     = {A Survey on Fault Tolerance in Wireless Sensor Networks},
  journal   = {Interner Bericht. Fakult{\"a}t f{\"u}r Informatik, Universit{\"a}t Karlsruhe: Karlsruhe, Germany},
  year      = {2007},
  owner     = {marco},
  timestamp = {2014.12.04},
}

@Article{DeSouza2007,
  author    = {De Souza, Luciana Moreira S{\'a} and Vogt, Harald and Beigl, Michael},
  title     = {A Survey on Fault Tolerance in Wireless Sensor Networks},
  journal   = {Interner Bericht. Fakult{\"a}t f{\"u}r Informatik, Universit{\"a}t Karlsruhe: Karlsruhe, Germany},
  year      = {2007},
  owner     = {marco},
  timestamp = {2015.07.24},
}

@Article{DelGaldo2004a,
  author    = {Del Galdo, G. and Haardt, M. and Schneider, C.},
  title     = {Geometry-based Channel Modeling in {MIMO} Scenarios in Comparison with Channel Sounder Measurements},
  journal   = {Advances in Radio Science},
  year      = {2004},
  volume    = {2},
  pages     = {117--126},
  owner     = {Marcoo},
  timestamp = {2012.12.09},
}

@Article{DIETRICH2009,
  author    = {I. Dietrich and F. Dressler},
  title     = {On the Lifetime of Wireless Sensor Networks},
  journal   = {ACM Transactions on Sensor Networks},
  year      = {2009},
  volume    = {5},
  owner     = {Marcoo},
  timestamp = {2013.01.20},
}

@Conference{Junior2014,
  author    = {J. Milanezi Jr and J. P. C. L. da Costa and R. S. Ferreira Junior and M. A. M. Marinho and R. A. Shayani and R. T. de Sousa J{\'{u}}nior},
  title     = {Energy Harvesting Photovoltaic System to Charge a Cell Phone in Indoor Environments},
  booktitle = {International Conference on Composite Materials \& Renewable Energy Applications 2014},
  year      = {2014},
  owner     = {marco},
  timestamp = {2014.08.12},
}

@InProceedings{marinho2016array,
  author       = {Marinho, M. A. M. and da Costa, J. P. C. L. and Antreich, F. and de Almeida, A. L. F. and Del Galdo, G. and de Freitas, E. P. and Vinel, A.},
  title        = {Array Interpolation Based on Multivariate Adaptive Regression Splines},
  booktitle    = {Sensor Array and Multichannel Signal Processing Workshop (SAM), 2016 IEEE},
  year         = {2016},
  pages        = {1--5},
  organization = {IEEE},
  owner        = {marco},
  timestamp    = {2016.11.03},
}

@Conference{Marinho2014,
  author    = {M. A. M. Marinho and F. Antreich and J. P. C. L. da Costa},
  title     = {Improved Array Interpolation for Reduced Bias in {DOA} Estimation for Gnss},
  booktitle = {The Institute of Navigation, International Technical Meeting (ION ITM) 2014},
  year      = {2014},
  owner     = {marco},
  quality   = {1},
  timestamp = {2013.11.25},
}

@Conference{Marinho2015,
  author    = {M. A. M. Marinho and J. P. C. L. da Costa and F. Antreich and L. R. A. X. de Menezes},
  title     = {Unscented Transformation Based Array Interpolation},
  booktitle = {Proc. 40th International Conference on Acoustics, Speech, and Signal Processing (ICASSP)},
  year      = {2015},
  address   = {Brisbane, Australia},
  month     = apr,
  owner     = {marco},
  timestamp = {2015.01.26},
}

@Conference{Marinho2013,
  author    = {M. A. M. Marinho and E. P. de Freitas and J. P. C. L. da Costa and A. L. F. de Almeida and R. T. de Sousa Jr.},
  title     = {Using Cooperative {MIMO} Techniques and {UAV} Relay Networks to Support Connectivity in Sparse Wireless Sensor Networks},
  booktitle = {Computing, Management and Telecommunications (ComManTel), 2013 International Conference on},
  year      = {2013},
  owner     = {Marcoo},
  timestamp = {2012.12.04},
}

@Conference{Marinho2013a,
  author    = {M. A. M. Marinho and E. P. de Freitas and J. P. C. L. da Costa and A. L. F. de Almeida and R. T. de Sousa Jr.},
  title     = {Using {MIMO} Techniques to Enhance Communication among Static and Mobile Nodes in Wireless Sensor Networks},
  booktitle = {Advanced Information Networking and Applications (AINA), 2013 IEEE 27th International Conference on},
  year      = {2013},
  owner     = {Marco},
  timestamp = {2013.01.13},
}

@Article{Schmidt1986b,
  author    = {R. O. Schmidt},
  title     = {Multiple Emitter Location and Signal Parameter Estimation},
  journal   = {IEEE Transactions on Antennas and Propagation},
  year      = {1986},
  volume    = {34},
  number    = {3},
  pages     = {276--280},
  month     = mar,
  owner     = {Marcoo},
  timestamp = {2012.12.12},
}

@InProceedings{liu2016coprime,
  author       = {Liu, C. and Vaidyanathan, P. P. and Pal, P.},
  title        = {Coprime Coarray Interpolation for {DOA} Estimation Via Nuclear Norm Minimization},
  booktitle    = {Circuits and Systems (ISCAS), 2016 IEEE International Symposium on},
  year         = {2016},
  pages        = {2639--2642},
  organization = {IEEE},
}

@Article{hosseini2017array,
  author  = {Hosseini, S. M. R. and Sebt, M. A.},
  title   = {Array Interpolation Using Covariance Matrix Completion of Minimum-size Virtual Array},
  journal = {IEEE Signal Processing Letters},
  year    = {2017},
  volume  = {24},
  number  = {7},
  pages   = {1063},
}

@InCollection{de2012applying,
  author    = {de Freitas, E. P. and da Costa, J. P. C. L. and de Almeida, A. L. F. and Marinho, M. A. M.},
  title     = {Applying Mimo Techniques to Minimize Energy Consumption for Long Distances Communications in Wireless Sensor Networks},
  booktitle = {Internet of Things, Smart Spaces, and Next Generation Networking},
  publisher = {Springer},
  year      = {2012},
  pages     = {379--390},
}

@Article{baker2001mathematics,
  author    = {Baker, Alan},
  title     = {Mathematics, indispensability and scientific progress},
  journal   = {Erkenntnis},
  year      = {2001},
  volume    = {55},
  number    = {1},
  pages     = {85--116},
  publisher = {Springer},
}

@Comment{jabref-meta: databaseType:bibtex;}
